1975 3376
888 228 943 271 29

188 350 290 392 Post
322 364 476 392 nomen
510 349 669 405 Apellis
701 349 955 392 nobilissimi
987 349 1105 392 illius
1139 352 1312 406 pictoris
1344 363 1479 392 nemo·
1499 350 1709 392 desiderat

130 420 302 462 artificis
335 434 489 462 nomen
522 421 665 462 minus
698 420 906 471 clarioris;
942 420 1032 463 fieri
1064 424 1208 463 autem
1240 423 1391 476 potest,
1423 423 1473 462 ut
1502 421 1709 476 interpres

128 504 279 546 parum
312 491 486 546 peritus,
520 492 588 532 cui
620 490 868 533 Parrhasius
898 494 1065 547 praeter
1096 494 1254 533 ceteros
1278 490 1469 533 floruisse
1493 492 1610 533 visus
1639 492 1708 540 sit,

128 564 296 603 textum
329 562 389 603 sic
421 561 633 617 corrigere
664 560 873 604 voluerit:

629 620 804 646 Parrhasium

399 659 596 712 quamvis
629 657 808 710 Apellem
839 657 965 710 ipsum
997 658 1173 699 scientia
1205 658 1369 699 vicerit.

127 725 250 770 Certe
298 727 552 770 emblemate
600 727 738 770 deleto
786 727 990 770 efficacior
1037 727 1185 770 evadet
1234 729 1464 770 sententia:
1514 729 1711 783 quamvis

128 798 324 854 Apellem
355 800 499 854 ipsum
531 798 844 853 [Parrhasium]
879 800 1054 841 scientia
1085 799 1236 841 vicerit
1268 813 1302 841 e.
1321 813 1359 855 q.
1379 813 1412 841 s.
1435 798 1480 850 ¹).

190 943 267 987 VII
297 945 319 987 1
349 949 463 1001 (pag.
495 944 593 996 160,
617 944 689 996 19)
717 959 894 1000 quorum
931 958 1008 1001 ego
1042 946 1397 1000 exspectationem
1423 946 1586 987 invitus
1613 944 1712 987 licet-

127 1014 272 1057 fallam
316 1015 523 1057 brevitate
565 1014 744 1057 dicendi.
789 1028 936 1058 revera
977 1016 1092 1057 enim
1130 1016 1419 1071 cogitaveram
1451 1015 1575 1071 plura
1606 1030 1712 1071 quae

128 1086 324 1137 dicerem,
359 1085 430 1128 sed
462 1085 573 1128 malo
607 1086 841 1128 orationem
873 1099 1015 1128 meam
1050 1117 1180 1128 .....
1214 1100 1342 1141 quam
1375 1087 1532 1142 respui.

189 1157 414 1208 Baehrens,
453 1161 501 1199 ut
533 1156 722 1212 expleret
751 1156 961 1207 lacunam,
995 1170 1122 1212 quam
1156 1156 1409 1212 significavi,
1443 1155 1603 1198 addidit
1634 1171 1714 1198 esse

128 1243 315 1278 mancam,
350 1231 392 1269 at
426 1229 554 1270 ceteri
587 1227 767 1270 editores
795 1228 941 1268 brevem
970 1242 1070 1277 esse3
1107 1226 1291 1269 Schenkl
1309 1226 1343 1280 2)
1368 1241 1468 1270 vero
1494 1229 1714 1283 proposuit

44 1287 56 1300 ”
127 1298 291 1353 requiri.
321 1297 431 1349 Quid
459 1297 719 1340 desideretur
747 1297 864 1340 docet
890 1298 1033 1340 Pacat.
1062 1297 1164 1339 Pan.
1192 1296 1276 1339 XII
1305 1296 1361 1338 24
1385 1301 1499 1354 (pag.
1518 1296 1620 1348 292,
1639 1296 1714 1347 25)

128 1381 228 1410 nam
269 1382 367 1410 cum
409 1367 722 1425 revolvi-illud
765 1367 942 1410 lustrale
973 1369 1192 1410 iustitium
1226 1382 1345 1410 aures
1378 1372 1476 1410 tuae
1508 1372 1714 1422 respuant,

126 1437 272 1481 laudes
290 1443 436 1492 petant
461 1438 704 1494 gloriaeque
730 1440 900 1481 intersit
926 1438 977 1480 ad
993 1440 1282 1494 praesentium
1300 1431 1712 1481 commendationem

129 1509 336 1551 bonorum
384 1508 497 1551 mala
544 1508 717 1551 decursa
763 1511 953 1565 reputari
995 1523 1089 1565 e.q.
1109 1524 1141 1552 s.
1189 1509 1337 1565 Itaque
1385 1524 1511 1566 supra
1551 1524 1715 1566 quoque

131 1578 399 1621 scribendum
431 1592 519 1621 esse
552 1592 721 1622 censeo:
751 1579 823 1621 sed
850 1579 964 1621 malo
992 1581 1225 1622 orationem
1252 1594 1393 1622 meam
1412 1577 1566 1635 (peti)
1587 1594 1716 1636 quam

129 1649 277 1703 respui.
311 1647 374 1692 Of.
410 1650 538 1692 etiam
571 1649 628 1692 VI
663 1650 717 1692 14
752 1654 867 1707 (pag.
904 1649 1097 1703 159,13)
1128 1655 1351 1706 praecepta
1375 1655 1525 1705 petere.

194 1784 271 1827 VII
308 1785 360 1827 16
402 1789 517 1841 (pag.
556 1784 654 1837 173,
674 1786 719 1838 2)
762 1800 837 1828 nec
879 1785 1018 1828 solum
1060 1786 1106 1827 hi
1125 1785 1170 1839 ³),
1211 1800 1314 1842 quos
1346 1788 1455 1829 ratio
1486 1786 1716 1830 litterariae

131 1857 245 1898 vitae
280 1854 380 1913 (et)
415 1858 534 1912 quies
565 1858 798 1912 mitigavit,
833 1856 903 1898 sed
936 1859 1066 1899 etiam
1097 1856 1171 1899 ille
1203 1856 1457 1899 militarium
1484 1858 1607 1901 ardor
1633 1860 1718 1900 ani-

129 1941 301 1969 morum
332 1931 528 1982 respectu
561 1929 627 1969 tui
658 1926 777 1969 lucra
809 1928 1079 1983 contempsit.

189 1998 291 2040 Post
334 1997 441 2039 vitae
484 1997 554 2040 vel
596 1998 675 2039 vite
718 1997 840 2040 facile
883 2004 920 2039 et
964 1998 1154 2040 excidere
1186 2000 1345 2054 potuit;
1379 2014 1425 2040 ac
1457 2002 1602 2041 autem
1635 2000 1717 2042 huc

129 2083 211 2111 non
244 2068 434 2125 quadrat,
469 2070 568 2123 quia
602 2069 704 2111 haec
735 2070 975 2111 coniunctio
1002 2071 1099 2111 ante
1126 2068 1394 2124 gutturalem
1421 2071 1463 2111 in
1491 2070 1558 2112 his
1586 2070 1718 2113 Pane-

102 2146 104 2148 ’
132 2140 294 2195 gyricis
327 2140 428 2194 poni
461 2153 543 2181 non
575 2138 683 2182 solet
702 2137 749 2192 4).

192 2208 401 2264 Equidem
447 2209 723 2264 praetulerim
765 2225 838 2265 que
879 2210 988 2252 infra
1029 2210 1071 2251 X
1106 2209 1162 2252 33
1205 2213 1321 2266 (pag.
1356 2209 1520 2264 239‚6)
1553 2210 1718 2253 facilior

134 2279 304 2335 quidem
345 2279 559 2335 multoque
577 2280 610 2332 ⁵)
642 2279 872 2336 proclivior
904 2279 1095 2322 laedendi
1127 2294 1254 2335 quam
1287 2281 1581 2324 commodandi
1613 2296 1719 2323 sem-

133 2364 208 2406 per
240 2354 302 2392 est
334 2352 416 2401 via,
446 2350 669 2393 vulnerare
696 2352 915 2408 integrum
944 2365 1071 2407 quam
1099 2353 1284 2394 sauciato
1312 2352 1485 2403 mederi,
1515 2348 1717 2409 dissipare

135 2424 256 2476 parta
287 2435 415 2476 quam
448 2421 616 2465 divulsa
647 2436 907 2479 componere.

199 2567 297 2609 VIII
330 2566 354 2610 7
388 2571 503 2624 (pag.
541 2568 638 2620 185,
658 2568 734 2621 20)
765 2568 913 2612 vidisti
945 2569 1060 2611 enim
1085 2582 1181 2619 non,
1212 2571 1261 2610 ut
1288 2582 1362 2623 per
1388 2581 1512 2624 agros
1538 2567 1717 2611 aliarum

139 2639 324 2689 urbium,
359 2640 499 2681 omnia
530 2639 614 2681 fere
646 2639 761 2682 culta
792 2643 936 2695 aperta
968 2639 1171 2690 florentia,
1206 2640 1296 2681 vias
1328 2638 1484 2690 faciles,
1517 2641 1719 2696 navigera

187 2781 218 2820 1)
242 2780 389 2812 chstedt
412 2779 521 2821 (Eran.
549 2779 610 2812 VII
635 2791 706 2822 pag.
733 2781 808 2821 114)
831 2779 988 2822 requirit:
1013 2779 1160 2822 Apellem
1184 2779 1288 2821 ipsum
1314 2779 1480 2820 <ipsum>
1502 2780 1718 2813 Parrhasium.

187 2836 220 2875 2)
242 2835 346 2867 Wien.
370 2835 460 2867 stud.
484 2835 535 2866 III
557 2846 630 2877 pag.
656 2835 729 2867 126.

186 2891 217 2930 3)
242 2890 293 2922 Sic
317 2889 420 2921 scribo
444 2889 612 2932 plerosque
637 2890 774 2922 editores
797 2892 935 2922 secutus.

186 2946 218 2985 4)
243 2945 280 2976 Id
305 2944 370 2976 iam
395 2944 578 2977 observavit
600 2943 715 2976 Novak
738 2937 786 2977 l.l.
806 2955 877 2987 pag.
904 2945 934 2976 9.

191 3001 221 3040 5)
244 2999 408 3031 Baehrens
430 2999 548 3032 edidit:
580 3002 674 3036 <et>
701 2999 814 3032 multo.
