1975 3376
986 204 1042 247 22

227 330 409 372 aliorum
451 332 594 371 autem
638 329 869 370 tentamina
912 330 1132 369 enumerat
1175 325 1327 376 editor;
1371 324 1567 380 equidem
1600 328 1693 380 post
1725 340 1808 366 cum

226 400 535 456 haplographia
577 399 759 454 quadam
802 398 870 438 illi
913 402 1063 440 natum
1106 400 1209 452 puto
1243 410 1294 437 ex
1324 396 1454 437 multi.
1499 394 1806 450 Comparentur

227 470 326 512 XVI
354 469 527 523 (Anton.
557 469 698 521 Diad.)
728 468 768 520 5,
788 468 813 510 3
840 468 952 524 quod
978 467 1094 508 multi
1120 468 1360 509 ominosum
1390 470 1596 521 putarunt
1619 471 1660 508 et
1676 467 1806 508 morti

227 541 569 591 accommodum;
614 540 714 581 ibid.
759 538 826 595 §6
869 540 970 581 haec
1003 542 1128 593 atque
1161 537 1245 580 alia
1279 538 1422 579 omina
1454 537 1583 578 fuisse
1616 537 1731 577 mula·
1762 538 1806 577 in

225 612 387 653 litteras
414 610 688 660 rettulerunt3
719 610 821 652 ibid.
849 609 887 661 6,
907 608 932 651 9
962 608 1117 652 Getam
1135 623 1246 658 vero,
1267 621 1393 663 quem
1411 607 1526 648 multi
1543 608 1806 649 Antoninum

227 686 384 738 negant
417 681 604 733 dictum;
638 680 737 723 XIV
770 681 945 732 (Anton.
979 678 1095 731 Get.)
1124 679 1163 730 I,
1184 679 1232 729 l,
1262 677 1346 719 XX
1373 676 1537 730 (Gord.)
1569 677 1606 728 l,
1628 677 1675 727 l;
1705 677 1806 719 ibid.

225 753 292 808 §2
326 756 404 794 cet.

285 888 384 931 XIV
412 889 527 941 (Ant.
558 886 673 939 Get.)
703 887 742 938 4,
765 887 786 929 1
814 886 1186 933 Fuitadulescens
1214 886 1399 936 decorus,
1428 885 1617 927 moribus
1634 886 1805 941 asperis,

226 960 297 1002 sed
329 975 411 1002 non
443 960 617 1015 impius,
650 963 680 1007 -Γ
711 959 858 1000 anarbo
890 961 1151 1008 retractator,
1185 956 1375 1013 gulosus,
1408 955 1586 1012 cupidus
1613 956 1806 998 ciborum

225 1035 266 1073 et
298 1032 389 1073 vini
420 1031 534 1073 varie
567 1029 740 1072 conditi.

286 1102 397 1144 Fieri
424 1105 562 1157 potest
590 1105 639 1142 ut
667 1104 907 1142 monstrum
935 1099 1130 1143 vocabuli
1157 1102 1306 1141 natum
1334 1099 1390 1140 sit
1416 1112 1467 1140 ex
1494 1098 1572 1140 hac
1600 1099 1808 1154 scriptura

241 1161 334 1187 arrabo

225 1214 355 1240 arrae.
384 1197 483 1240 Alia
512 1199 553 1239 vi
581 1197 823 1253 praeditum
839 1196 1000 1252 legitur
1015 1196 1195 1238 verbum
1212 1210 1328 1237 arrae
1343 1196 1453 1237 infra
1472 1194 1574 1236 XIX
1592 1194 1808 1247 (Maxim.)

226 1267 296 1318 27,
317 1267 341 1311 ’7
375 1273 624 1311 manserunt
657 1271 801 1310 autem
828 1267 940 1322 apud
967 1281 1061 1310 eam
1088 1282 1205 1308 arrae
1231 1268 1387 1322 regiae,
1416 1280 1522 1322 quae
1550 1265 1655 1308 tales
1680 1266 1810 1308 fuisse

225 1339 436 1381 dicuntur.
471 1338 533 1382 Cf.
567 1338 767 1381 Thesaur.
802 1337 894 1381 Vol.
929 1337 971 1380 II
1003 1351 1100 1394 pag.
1136 1336 1235 1380 632.

286 1474 363 1516 XV
395 1474 523 1530 (Opil.
556 1475 707 1526 Macr.)
740 1473 780 1525 8,
804 1474 824 1516 l
859 1473 1110 1530 Appellatus
1136 1475 1272 1530 igitur
1298 1475 1527 1529 imperator
1555 1478 1585 1523 Τ
1612 1478 1806 1527 susceptos

225 1550 367 1588 contra
409 1546 588 1588 Parthos
630 1545 844 1601 profectus
886 1550 949 1587 est
990 1559 1147 1601 magno
1190 1549 1406 1600 apparatu,
1451 1545 1624 1587 studens
1666 1544 1806 1587 sordes

223 1617 391 1672 generis
424 1621 465 1657 et
497 1617 650 1671 prioris
683 1617 795 1658 vitae
821 1616 1045 1658 infamiam
1071 1617 1274 1658 victoriae
1301 1616 1598 1672 magnitudine
1627 1615 1804 1658 abolere.

284 1687 566 1729 Manifestum
599 1690 661 1728 est
693 1691 887 1740 susceptos
919 1688 980 1728 ita
1012 1686 1269 1728 declinatum
1303 1701 1390 1729 esse
1422 1689 1470 1728 ut
1498 1688 1729 1741 pertineret
1755 1686 1807 1728 ad

224 1758 409 1807 Par-thor,
439 1771 536 1798 cum
563 1757 879 1799 substantivum
908 1756 1142 1807 excidisset,
1171 1757 1222 1798 ad
1250 1757 1361 1812 quod
1387 1757 1615 1799 referretur
1640 1758 1808 1812 partici-

223 1829 358 1882 pium.
395 1827 600 1868 Primaria
633 1841 732 1868 vero
766 1828 974 1882 scriptura
1005 1826 1175 1869 videtur
1206 1827 1356 1869 fuisse:
1391 1826 1643 1883 Appellatus
1669 1828 1806 1884 igitur

223 1898 315 1951 imp.
358 1913 442 1951 rep.
484 1902 663 1951 suscepta
686 1896 715 1950 1)
758 1902 902 1939 contra
947 1897 1124 1939 Parthos
1168 1897 1382 1952 profectus
1415 1901 1478 1940 est
1497 1897 1544 1949 ²).
1587 1896 1706 1940 Sicut
1737 1898 1805 1940 hic

221 1972 316 2024 post
346 1968 562 2022 imperator
593 1970 943 2025 praetermissum
976 1972 1039 2010 est
1071 1968 1286 2022 republica,
1319 1970 1380 2010 ita
1411 1967 1550 2010 XVIII
1578 1967 1662 2020 (Al.
1689 1967 1805 2020 Sev.)

224 2039 263 2090 6,
284 2039 308 2080 5
342 2044 436 2095 post
467 2054 586 2093 remp.
620 2040 746 2094 periit
777 2040 869 2093 imp.
903 2037 966 2082 Cf.
997 2052 1102 2094 quae
1127 2038 1342 2095 disputavi
1368 2052 1495 2095 supra
1521 2038 1572 2081 ad
1600 2038 1662 2080 IX
1688 2038 1801 2090 (Did.

221 2109 390 2163 Iulian.)
424 2109 463 2161 6,
483 2109 522 2152 5.

282 2245 422 2287 XVIII
464 2244 548 2297 (Al.
590 2245 706 2297 Sev.)
748 2245 817 2296 44,
841 2244 864 2287 6
907 2244 1023 2301 leges
1055 2250 1085 2295 †
1117 2260 1236 2298 aynos
1267 2245 1456 2288 firmavit
1487 2260 1640 2302 easque
1673 2247 1803 2288 etiam

220 2318 309 2372 ipse
341 2315 667 2372 diligentissime
698 2317 896 2359 servavit.

282 2386 430 2429 Nonne
464 2390 612 2429 auctor
644 2388 736 2443 agit
768 2387 817 2429 de
849 2386 1018 2443 legibus
1050 2388 1272 2438 annalibus,
1302 2401 1407 2443 quae
1436 2385 1662 2430 dicuntur?
1689 2387 1801 2430 Sana

222 2460 333 2499 certe
366 2459 473 2499 mihi
505 2457 674 2500 videtur
705 2457 853 2500 lectio:
888 2457 1004 2513 leges
1036 2458 1201 2499 annales
1234 2458 1420 2501 firmavit
1453 2473 1489 2501 e.
1509 2473 1547 2514 q.
1567 2473 1597 2500 s.

283 2601 426 2644 XVIII
459 2602 543 2655 (Al.
576 2602 693 2655 Sev.)
728 2603 796 2654 60,
819 2602 842 2646 '7
887 2603 1073 2646 tribunal
1103 2603 1302 2655 ascendit,
1336 2608 1384 2646 ut
1415 2606 1727 2647 contionaretur
1760 2607 1802 2646 et

224 2674 415 2714 faustum
459 2672 620 2729 aliquid
663 2673 837 2724 diceret,
886 2671 1004 2729 (set)
1047 2676 1108 2716 ita
1149 2676 1309 2730 coepit:
1359 2674 1504 2717 Occiso
1546 2676 1799 2731 imperatore

220 2743 512 2800 Heliogabalo.

269 2907 299 2945 l)
324 2905 372 2937 Cf.
397 2905 552 2947 Panegyr.
576 2905 625 2936 III
654 2905 693 2936 13
717 2909 827 2938 tantae
852 2906 1046 2948 reipublicae
1071 2907 1351 2939 administratione
1375 2912 1523 2950 suscepta
1547 2919 1573 2940 c.
1588 2919 1616 2950 q.
1631 2919 1654 2940 Β.

271 2961 302 3000 2)
328 2961 473 2992 Lofstcdt
497 2961 606 3000 (Eran.
630 2960 692 2992 VII
715 2971 785 3003 pag.
812 2961 998 3002 113—114)
1023 2962 1179 2994 defendit:
1205 2965 1347 3004 suscepto
1369 2967 1479 2995 contra
1503 2963 1649 2995 Parthos.
