1975 3376
468 786 563 844 AD
604 786 1090 845 PANEGYRICOS
1129 786 1447 846 LATINUS.

224 1128 334 1170 Plin.
378 1128 479 1170 Pan.
523 1127 635 1179 23‚1
683 1126 864 1171 Gratum
908 1131 997 1170 erat
1038 1129 1200 1170 cunctis
1234 1127 1345 1183 quod
1377 1131 1571 1170 senatum
1606 1128 1746 1172 osculo

164 1201 387 1255 exciperes,
437 1202 487 1240 ut
534 1198 735 1240 dimissus
785 1197 927 1240 osculo
972 1199 1124 1249 fueras,
1167 1202 1342 1254 gratum
1385 1198 1495 1255 quod
1539 1201 1746 1255 equestris

164 1269 321 1312 ordinis
353 1269 500 1311 decora
530 1269 687 1311 honore
719 1270 942 1311 nominum
974 1271 1064 1311 sine
1096 1270 1306 1312 monitore
1339 1271 1541 1326 signares,
1573 1274 1748 1327 gratum

165 1339 275 1394 quod
322 1344 473 1380 tantum
520 1339 632 1381 ultro
682 1339 907 1381 clientibus
956 1339 1150 1382 salutatis
1195 1339 1397 1395 quasdam
1440 1339 1748 1384 familiaritatis

163 1415 284 1453 not-as
311 1410 504 1460 adderes;
535 1411 701 1466 gratius
733 1414 876 1453 tamen
911 1411 1023 1466 quod
1054 1424 1141 1466 e.q.
1161 1424 1193 1453 s.

188 1468 190 1471 V
225 1482 308 1523 Pro
354 1485 504 1522 tantum
547 1481 612 1523 W.
658 1482 706 1523 A.
751 1481 963 1523 Baehrens
997 1481 1028 1534 ¹)
1075 1482 1253 1524 coniecit
1302 1483 1541 1538 recepitque
1589 1488 1657 1534 tot,
1707 1487 1751 1526 at

164 1551 375 1594 Aemilius
418 1552 627 1595 Baehrens
646 1553 680 1605 2)
722 1552 920 1609 Lipsium
962 1556 1132 1595 secutus
1174 1552 1307 1594 edidit
1350 1558 1502 1594 tantum
1541 1569 1632 1605 non,
1676 1554 1749 1597 sed

164 1637 314 1665 verum
343 1622 512 1665 videtur
539 1637 626 1665 esse
654 1628 802 1673 tantus,
831 1637 930 1665 nam
958 1623 1036 1665 hoc
1063 1626 1203 1665 orator
1229 1622 1425 1680 intellegi
1453 1624 1576 1667 vult:
1605 1639 1749 1681 quam-

166 1708 293 1750 quam
326 1693 531 1736 Traianus
562 1697 651 1736 erat
682 1695 912 1750 imperator
944 1695 1159 1736 maximus
1193 1701 1235 1736 et
1266 1694 1572 1750 amplissimus,
1606 1700 1746 1739 tamen

166 1764 288 1807 valde
334 1764 507 1807 civilem
554 1768 595 1807 et
641 1764 896 1807 familiarem
944 1779 987 1807 se
1039 1765 1264 1820 praebebat
1312 1765 1512 1808 adversus
1560 1766 1747 1810 clientes.

167 1834 441 1878 Coniecturae
484 1850 601 1878 meae
643 1836 786 1878 favent
829 1849 917 1891 cap.
954 1834 1024 1886 54,
1045 1835 1069 1876 6
1102 1849 1200 1877 nam
1233 1834 1453 1892 plerosque
1487 1851 1536 1879 ex
1569 1838 1747 1880 decretis

166 1906 396 1956 honoribus
424 1909 465 1947 et
490 1905 563 1947 alii
590 1920 672 1947 non
705 1909 976 1961 receperunt;
1005 1920 1128 1948 nemo
1156 1910 1252 1948 ante
1282 1911 1416 1948 tantus
1433 1908 1530 1958 fuit,
1548 1912 1596 1950 ut
1614 1909 1749 1951 crede-

166 1981 284 2018 retur
309 1976 495 2019 noluisse
523 1976 709 2028 decerni3
741 1980 783 2019 et
808 1990 896 2032 cap.
917 1976 986 2028 61,
1008 1977 1030 2018 1
1050 1976 1191 2033 quanti
1216 1981 1318 2020 tunc
1334 1977 1400 2020 illi
1416 1984 1661 2036 quantusque
1678 1978 1749 2022 tu!

228 2120 268 2163 II
303 2121 354 2163 11
400 2120 516 2174 (edit.
559 2121 707 2164 Baehr.
751 2135 847 2178 pag.
893 2121 1057 2174 98‚20)
1100 2125 1149 2163 ut
1190 2123 1304 2164 enim
1347 2125 1489 2166 omnia
1530 2123 1750 2167 commoda

166 2191 281 2234 caelo
313 2195 506 2248 terraque
540 2195 672 2247 parta,
705 2191 805 2234 licet
837 2192 1103 2235 diversorum
1138 2194 1366 2235 numinum
1399 2208 1475 2250 ope
1507 2195 1627 2237 nobis
1659 2209 1751 2250 pro-

167 2263 310 2304 venire
357 2262 593 2313 videantur,
642 2276 665 2304 a
711 2264 891 2304 summis
938 2266 1079 2305 tamen
1126 2264 1367 2306 auctoribus
1413 2269 1598 2315 manant,
1646 2265 1744 2307 Iove

167 2337 325 2375 rectore
368 2333 473 2375 caeli
514 2339 556 2376 et
596 2332 779 2376 Hercule
821 2337 1014 2390 pacatore
1057 2337 1291 2377 terrarum:
1335 2336 1393 2377 sic
1426 2337 1622 2378 omnibus
1655 2336 1750 2392 pul-

169 2405 389 2446 cherrimis
416 2405 554 2455 rebus,
584 2406 712 2447 etiam
739 2419 844 2460 quae
871 2404 1054 2447 aliorum
1072 2405 1202 2448 ductu
1217 2410 1440 2462 geruntur,
1458 2406 1747 2450 Diocletianus

161 2474 279 2531 facit
313 2506 440 2517 .....
446 2507 456 2525 ,
490 2479 538 2517 tu
569 2476 722 2518 tribuis
755 2475 963 2518 effectum.
1069 2532 1073 2536 ἵ

228 2545 467 2588 Verisimile
507 2549 569 2588 est
601 2547 712 2588 inter
731 2547 848 2602 facit
879 2550 922 2588 et
954 2551 996 2587 tu
1026 2547 1228 2589 excidisse
1259 2547 1368 2598 titia,
1401 2548 1443 2590 id
1476 2552 1539 2590 est
1569 2548 1747 2591 initium.

169 2618 225 2659 At
267 2616 461 2659 Novakio
481 2615 514 2669 3)
545 2616 706 2673 placuit
736 2619 917 2660 inserere
949 2622 1087 2668 ortum,
1122 2617 1231 2673 quod
1262 2622 1403 2661 tamen
1436 2618 1591 2661 melius
1621 2618 1748 2662 intel-

216 2782 246 2821 1)
277 2780 545 2822 Panegyricorum
576 2779 766 2812 Latinorum
789 2779 939 2811 editionis
964 2791 1066 2811 novae
1091 2780 1253 2812 Praefatio
1277 2781 1390 2813 maior.
1414 2781 1544 2813 Accedit
1568 2781 1667 2813 Plinii
1691 2781 1752 2813 Pa-

168 2835 333 2876 negyricus
359 2834 520 2876 exemplar
545 2834 705 2866 editionis.
730 2834 921 2875 Groningae,
945 2834 1029 2876 apud
1053 2834 1080 2866 I.
1104 2835 1141 2866 Β.
1167 2834 1304 2866 Wolters
1329 2835 1414 2867 1910
1438 2838 1522 2878 (pag.
1549 2836 1615 2875 78).

214 2891 245 2930 2)
269 2889 401 2921 Aemilii
425 2889 611 2921 Baehrensii
637 2893 760 2921 textum
784 2889 914 2921 exhibui
939 2889 971 2921 in
996 2889 1109 2921 ceteris
1132 2890 1347 2932 Panegyricis.

213 2945 243 2984 3)
267 2945 305 2976 In
331 2944 541 2986 Panegyricos
565 2944 700 2976 Latinos
725 2943 838 2976 Studia
863 2944 1079 2976 Grammaticis
1102 2947 1133 2976 et
1158 2945 1277 2977 Critica
1301 2945 1428 2988 scripsit
1452 2945 1609 2978 Robertus
1629 2945 1742 2977 Novak

166 3000 297 3041 (Pragae
324 2999 438 3040 1901),
461 3010 536 3041 pag.
561 2999 612 3031 24.
