1975 3376
924 210 977 254 17

159 335 284 377 duces
323 334 553 389 Pompeius
585 333 860 384 subduxerat)
892 336 934 374 et
963 346 1060 374 cum
1090 333 1144 373 iis
1176 345 1272 387 pars
1305 333 1580 387 optimatium
1611 333 1737 374 refra-

157 405 353 461 gabatur,
380 418 431 446 ne
458 409 532 446 aut
559 405 767 460 promissa
794 403 1040 445 civitatibus
1067 416 1090 444 a
1116 402 1320 458 Pompeio
1348 406 1422 444 aut
1447 402 1550 445 bene
1573 405 1737 445 meritis

157 477 345 531 praemia
377 475 428 518 ad
461 475 689 517 arbitrium
721 476 811 516 eius
842 473 1190 530 persolverentur.

221 545 321 588 Voci
354 544 642 588 tamen'Orelli
673 545 896 587 substituit
929 545 1097 595 tandem,
1131 547 1173 586 at
1204 543 1389 586 Laurent
1422 549 1524 586 ante.
1557 543 1665 586 Ellis
1695 546 1739 586 in

161 620 365 673 apparatu
394 617 538 659 critico
565 617 751 672 scripsit:
781 621 919 666 tamen,
949 614 1059 670 quod
1085 616 1237 657 misere
1263 614 1441 671 languet
1467 614 1517 656 de
1543 614 1739 657 Lucullo.

161 687 307 730 Nonne
348 686 639 743 reponendum
667 690 766 730 est:
810 700 974 728 memor
1015 687 1130 727 etiam
1165 689 1358 741 acceptae
1391 684 1599 728 iniuriae?
1631 686 1741 728 Nam

161 758 396 801 Lucullum
427 759 619 814 graviter
651 757 857 799 offensum
890 756 985 813 lege
1018 756 1196 799 Manilia
1229 760 1395 812 praeter
1419 757 1628 799 invidiam
1656 771 1744 799 mo-

162 831 228 873 vit
259 828 405 871 odium
436 830 479 870 in
512 828 783 884 Pompeium.

222 973 262 1016 II
297 973 411 1024 41,1
458 972 639 1015 Secutus
671 972 819 1015 deinde
849 976 912 1015 est
944 973 1186 1015 consulatus
1218 972 1264 1017 O.
1299 973 1502 1024 Caesaris,
1538 976 1610 1030 qui
1645 976 1745 1017 scri-

163 1046 279 1087 benti
311 1058 488 1086 manum
513 1045 634 1086 inicit
661 1047 702 1086 et
729 1043 965 1099 quamlibet
992 1044 1261 1087 festinantem
1288 1046 1332 1086 in
1360 1059 1402 1087 se
1430 1047 1588 1087 morari
1616 1047 1744 1102 cogit.

162 1116 232 1158 hic
263 1114 527 1157 nobilissima
558 1114 768 1156 Iuliorum
798 1116 971 1170 genitus
997 1115 1160 1157 familia
1185 1120 1240 1167 et,
1269 1116 1381 1171 quod
1407 1117 1519 1158 inter
1546 1118 1748 1172 antiquis-

164 1187 294 1227 simos
327 1217 454 1227 .....
489 1185 722 1235 constabat,
764 1186 814 1226 ab
857 1185 1039 1227 Anchise
1081 1199 1126 1227 ac
1168 1185 1327 1228 Venere
1361 1186 1567 1229 deducens
1597 1201 1745 1242 genus,

165 1257 301 1298 forma
335 1257 530 1297 omnium
564 1257 723 1296 civium
756 1254 1138 1297 excellentissimus
1171 1271 1206 1298 e.
1227 1271 1264 1312 q.
1284 1271 1316 1298 s.

227 1326 383 1368 Omnes
415 1326 498 1368 fere
531 1326 824 1381 antiquissimos
846 1324 876 1378 ¹)
909 1331 1157 1382 corruptum
1184 1327 1354 1377 habent,
1383 1327 1580 1382 equidem
1606 1329 1748 1383 potius

166 1396 364 1439 lacunam
407 1396 658 1452 significavi,
691 1398 733 1437 in
767 1410 895 1451 quam
927 1397 1130 1452 quadrare
1163 1398 1333 1440 videtur
1356 1398 1594 1451 philoloqos.
1637 1398 1747 1440 Nam

167 1472 328 1517 auctor,
363 1467 445 1508 nisi
477 1468 619 1509 omnia
644 1480 713 1508 me
741 1466 908 1518 fallunt,
937 1467 1040 1509 dicit
1067 1469 1226 1523 priscos
1251 1468 1346 1510 illos
1373 1468 1749 1524 locupletissimos-

167 1552 247 1593 que
274 1538 546 1579 historiarum
569 1537 858 1580 Romanarum
873 1540 1199 1594 investigatores
1216 1541 1303 1581 iam
1324 1541 1558 1595 repperisse
1576 1545 1749 1596 gentem

169 1607 327 1650 Iuliam
379 1608 430 1650 ab
473 1608 655 1650 Anchise
697 1613 739 1650 et
781 1607 939 1651 Venere
981 1611 1190 1665 originem
1233 1610 1397 1652 ducere.
1445 1610 1748 1666 Imperfectum

167 1680 370 1720 constabat
397 1683 507 1721 certe
534 1680 757 1721 manifesto
785 1679 969 1722 declarat
995 1694 1129 1736 neque
1157 1680 1400 1733 Varronem,
1423 1695 1557 1736 neque
1574 1681 1748 1724 Livium

165 1763 300 1805 neque
344 1749 480 1792 Vellei
521 1749 716 1805 aequales
758 1750 1001 1805 significari.
1036 1750 1097 1793 De
1130 1750 1363 1807 philologis
1396 1752 1448 1793 cf.
1482 1751 1577 1794 Seu.
1612 1752 1745 1808 Epist.

172 1820 256 1863 108
291 1820 524 1876 §30—32,
557 1822 630 1876 qui
662 1824 725 1863 est
757 1820 873 1862 locus
905 1821 1103 1863 classicus
1121 1821 1169 1874 2).

225 1966 266 2008 Π
297 1966 369 2018 88,
389 1966 415 2008 2
461 1970 550 2009 erat
590 1971 691 2009 tunc
735 1967 852 2009 urbis
895 1966 1097 2009 custodiis
1140 1968 1404 2023 praepositus
1447 1966 1494 2011 G.
1526 1968 1748 2012 Maecenas

166 2039 365 2092 equestri,
410 2037 482 2080 sed
514 2037 732 2093 splendido
763 2052 916 2094 genere
949 2042 1088 2088 natus,
1121 2039 1202 2088 vir,
1235 2038 1309 2079 ubi
1340 2052 1404 2079 res
1435 2039 1632 2095 vigiliam
1666 2042 1749 2082 exi·

168 2113 301 2164 geret,
335 2122 433 2150 sane
467 2110 692 2159 exsomnis,
727 2108 951 2164 providens
983 2111 1109 2163 atque
1140 2108 1294 2163 agendi
1319 2110 1465 2159 sciens,
1494 2110 1624 2152 simul
1650 2125 1749 2153 vero

169 2178 332 2234 aliquid
375 2193 427 2220 ex
468 2180 642 2234 negotio
679 2181 843 2221 remitti
874 2183 1026 2234 posset,
1060 2180 1144 2220 otio
1176 2192 1223 2220 ac
1254 2178 1450 2221 mollitiis
1474 2195 1605 2233 paene
1636 2181 1750 2224 ultra

169 2249 373 2291 feminam
413 2249 562 2300 fluens,
608 2264 689 2292 non
732 2251 877 2291 minus
909 2247 1105 2304 Agrippa
1136 2247 1305 2291 Caesari
1336 2263 1469 2300 carus,
1503 2251 1574 2292 sed
1605 2253 1748 2293 minus

168 2319 400 2361 honoratus
429 2344 483 2351 --
513 2321 669 2375 quippe
702 2321 814 2362 vixit
845 2321 1018 2375 angusti
1050 2318 1163 2360 clavi
1184 2334 1315 2372 paene
1341 2324 1564 2362 contentus
1593 2346 1649 2352 —
1676 2336 1750 2364 nec

169 2391 333 2432 minora
364 2392 562 2446 consequi
592 2392 749 2446 potuit,
784 2389 856 2432 sed
887 2404 971 2431 non
1003 2394 1092 2430 tam
1125 2391 1379 2445 concupivit.

230 2459 428 2502 Alterum
461 2476 604 2514 paene,
648 2460 759 2516 quod
801 2460 889 2502 cod.
922 2461 960 2501 A
991 2460 1162 2502 exhibet
1194 2461 1255 2512 (in
1286 2460 1321 2501 P
1352 2465 1415 2502 est
1438 2466 1571 2514 pene),
1605 2462 1751 2518 procul

171 2530 299 2572 dubio
344 2544 395 2572 ex
426 2532 565 2586 priore
596 2532 829 2587 repetitum
860 2531 1031 2572 videtur
1062 2532 1291 2573 extrusisse
1323 2545 1469 2574 veram
1499 2531 1748 2575 lectionem:

171 2601 320 2643 tunica.
363 2600 573 2643 Afferatur
615 2602 789 2644 Sueten.
833 2602 1018 2657 August.
1066 2601 1122 2643 94
1163 2601 1357 2644 Sumenti
1397 2602 1571 2645 virilem
1602 2607 1750 2660 togam

172 2672 309 2714 tunica
342 2672 418 2713 lati
449 2673 555 2714 elavi
586 2676 728 2715 resuta
761 2687 812 2715 ex
843 2676 1023 2728 utraque
1056 2676 1173 2728 parte
1206 2672 1257 2714 ad
1288 2673 1413 2728 pedes
1447 2674 1614 2717 decidit.

219 2867 250 2905 1)
274 2865 366 2896 Nihil
390 2869 438 2896 est
463 2865 548 2907 quod
571 2865 806 2907 antiquissimos
830 2865 1043 2907 suspicionem
1062 2868 1200 2903 moveat,
1224 2866 1262 2898 cf.
1282 2866 1315 2897 II
1339 2866 1443 2905 116,3
1468 2867 1516 2898 vir
1537 2867 1753 2909 antiquissimi

173 2920 286 2958 moris;
310 2919 344 2951 II
368 2920 453 2958 49‚3
477 2919 526 2951 vir
549 2919 699 2962 antiquus
722 2923 754 2951 et
778 2919 896 2962 gravis,
921 2922 982 2951 cet.

215 2975 246 3015 2)
270 2974 320 3006 Cf.
343 2973 510 3006 Gudeman
535 2974 708 3006 Grundriss
735 2975 789 3006 der
813 2974 1002 3006 Geschichte
1025 2975 1079 3007 der
1105 2975 1201 3007 klass.
1227 2975 1409 3017 Philologie
1436 2986 1507 3017 pag.
1533 2976 1629 3009 6—7.

1540 3040 1560 3072 2
