1975 3376
973 193 1030 235 28

270 315 303 355 V
340 315 395 358 10
421 322 537 373 (pag.
566 315 665 367 139,
685 315 728 368 5)
756 319 857 358 tunc
885 316 1000 357 enim
1029 316 1119 358 sive
1146 315 1308 358 incuria
1335 315 1463 358 deum
1490 317 1579 359 sive
1607 315 1790 371 quadam

209 386 479 430 inclinatione
519 387 704 430 fatorum
747 386 943 428 omnibus
987 386 1071 427 fere
1115 386 1319 428 membris
1358 390 1450 429 erat
1491 390 1687 429 truncata
1728 401 1793 429 res

210 456 402 513 publica:
448 462 547 500 tunc
588 471 630 499 se
663 458 869 498 nimirum
904 461 946 498 et
977 456 1161 498 Parthus
1192 456 1404 499 extulerat
1436 460 1478 499 et
1509 457 1790 514 Palmyrenus

209 532 481 584 aequaverat3
527 532 617 570 tota
659 528 898 583 Aegyptus,
941 526 1091 584 Syriae
1133 527 1391 579 defecerant;
1435 530 1589 570 amissa
1620 527 1792 580 Raetia;

208 599 412 642 Noricum
459 598 781 653 Pannoniaeque
825 600 1038 648 vastatae;
1089 597 1211 640 Italia
1254 599 1346 653 ipsa
1385 599 1582 654 gentium
1624 598 1794 640 domina

208 669 493 725 plurimarum
520 669 692 711 urbium
719 682 894 710 suarum
924 667 1086 710 excidia
1103 668 1341 710 maerebat:
1365 682 1447 710 non
1465 672 1555 711 erat
1573 672 1742 711 tantum
1764 668 1794 721 ¹)

209 740 361 783 doloris
393 741 437 781 in
469 739 661 796 singulis,
695 753 793 781 cum
827 753 957 795 paene
990 739 1187 781 omnibus
1218 743 1431 781 careretur.

268 811 349 853 Pro
381 815 582 852 careretur
612 810 834 853 Livineius
866 810 1044 852 coniecit
1075 814 1332 865 quateretur;
1367 811 1510 852 minus
1544 824 1642 854 vero
1670 809 1797 867 longe

208 896 232 924 a
258 882 451 925 codicum
478 883 687 937 scriptura
713 880 885 932 recedit,
914 880 1026 936 quod
1055 881 1350 936 exspectabam
1374 881 1634 932 laceraretur,
1661 895 1796 937 neque

210 952 320 995 male
353 952 589 1008 respondet,
625 950 734 1008 quod
768 950 895 1007 paulo
929 965 1057 1007 supra
1091 950 1300 1007 legimus:
1335 951 1510 993 omuibus
1528 952 1631 1007 fere
1662 965 1795 994 mem-

209 1024 295 1066 bris
338 1028 426 1066 erat
468 1028 652 1064 truncata
694 1021 946 1078 respublica.
991 1020 1301 1077 Comparentur
1344 1024 1474 1065 etiam
1518 1022 1579 1064 XI
1612 1022 1637 1064 9
1680 1027 1797 1078 (pag.

211 1094 311 1145 251,
333 1094 404 1148 16)
447 1095 599 1136 lacerae
640 1093 850 1136 nobilium
895 1093 1070 1144 domus;
1104 1093 1217 1135 Pliu.
1252 1093 1355 1135 Pan.
1392 1093 1461 1144 52,
1482 1093 1506 1135 5
1541 1107 1707 1136 cernere
1740 1093 1797 1134 la-

210 1181 313 1207 ceros
353 1168 484 1216 artus,
529 1168 723 1206 truncata
756 1163 971 1215 membra,
1006 1162 1113 1206 Vell.
1148 1164 1311 1206 Patere.
1346 1163 1385 1206 II
1418 1163 1475 1206 90
1508 1162 1712 1219 Sepultis,
1746 1166 1797 1205 ut

208 1236 511 1292 praediximus,
539 1234 664 1277 bellis
692 1234 892 1278 civilibus
918 1233 1332 1290 coalescentibusque
1360 1236 1419 1277 rei
1446 1234 1639 1291 publicae
1666 1248 1797 1276 mem-

208 1308 307 1358 bris,
342 1310 383 1349 et
415 1306 605 1349 coaluere
637 1319 742 1362 quae
772 1310 862 1348 tam
889 1304 1018 1362 longa
1044 1319 1262 1348 armorum
1289 1307 1416 1348 series
1443 1306 1688 1347 laceraverat
1715 1309 1794 1347 cet.

271 1452 305 1494 V
340 1452 395 1494 14
427 1457 544 1509 (pag.
580 1452 678 1503 142,
700 1452 742 1501 9)
785 1452 854 1494 illi
896 1453 1101 1494 exercitui
1144 1455 1230 1502 tuo,
1272 1465 1400 1506 quem
1432 1450 1625 1507 Sequana
1657 1453 1795 1495 amnis

209 1525 441 1574 invexerat,
475 1524 768 1565 irrevocabilem
799 1524 982 1565 iniecisti
1014 1523 1170 1565 mentis
1203 1521 1395 1565 ardorem
1429 1537 1463 1565 e.
1483 1537 1522 1578 q.
1541 1537 1573 1565 S.

268 1595 462 1636 Praestat
493 1595 673 1636 scribere
705 1594 1017 1644 inrevocabilem,
1050 1607 1149 1635 cum
1181 1593 1399 1636 antecedat
1431 1594 1636 1634 invexerat
1668 1596 1710 1635 et
1737 1607 1796 1635 se-

211 1669 366 1721 quatur
396 1665 594 1715 iniecisti;
639 1664 690 1707 cf.
724 1664 821 1708 Seu.
854 1664 975 1707 Suas.
1009 1663 1087 1706 VII
1123 1664 1144 1706 1
1180 1664 1350 1706 inritare
1381 1664 1582 1706 inimicum
1613 1663 1654 1705 in
1688 1677 1796 1706 mor-

210 1740 299 1779 tem
332 1740 452 1778 tuam
485 1737 642 1792 cupies.

269 1805 493 1850 Olarkium
526 1810 696 1848 secutus
728 1806 968 1862 scripserim
1003 1803 1090 1849 Cic.
1124 1805 1206 1847 Pro
1239 1803 1352 1849 Cael.
1382 1805 1446 1861 §1
1482 1805 1794 1848 adulescentem

208 1877 374 1919 inlustri
394 1876 426 1930 ²)
469 1877 626 1931 inqenio
670 1877 872 1918 industria
914 1878 1054 1933 gratia
1099 1878 1308 1926 accusari;
1354 1891 1453 1919 nam
1497 1880 1538 1918 et
1579 1876 1721 1918 Baiter
1753 1879 1796 1918 et

209 1946 418 1991 Goethius
459 1949 632 1991 exhibet
674 1947 737 1989 De
778 1948 876 1991 Nat.
921 1947 1045 1990 Deor.
1085 1946 1123 1989 lI
1155 1947 1213 1989 80
1246 1947 1357 1998 deo&
1390 1961 1571 2004 quorum
1603 1947 1794 2002 insiynem

210 2021 300 2062 vim
340 2022 383 2061 et
423 2019 630 2061 inlustrem
663 2019 813 2062 faciem
847 2018 1110 2070 videremus,
1145 2017 1247 2061 ibid.
1282 2018 1300 2060 I
1335 2018 1390 2061 12
1423 2020 1564 2061 visum
1690 2049 1699 2060 .
1733 2019 1794 2060 in-

207 2090 355 2144 siynem
388 2094 430 2133 et
462 2090 683 2132 inlustrem.

269 2161 396 2203 Recte
429 2160 608 2217 denique
640 2175 735 2203 mea
767 2160 940 2217 quidem
968 2160 1176 2202 sententia
1202 2158 1309 2201 Ellis
1336 2159 1468 2202 edidit
1497 2159 1600 2202 Vell.
1630 2160 1793 2203 Patere.

209 2231 249 2272 II
285 2230 381 2283 123,
405 2232 426 2273 1
472 2245 731 2287 quamquam
773 2233 860 2274 iam
893 2235 1036 2273 motus
1066 2230 1341 2272 inbecillitatis
1362 2229 1394 2282 3)
1426 2230 1719 2287 inclinataequc
1751 2231 1794 2272 in

210 2301 394 2344 deterius
427 2303 634 2358 principia
665 2301 922 2346 valetudinis
956 2306 1153 2352 senserat,
1188 2307 1331 2344 tamen
1364 2316 1399 2344 e.
1419 2316 1456 2357 q.
1477 2316 1508 2344 s.

272 2437 328 2480 VI
361 2438 386 2480 6
419 2442 533 2495 (pag.
570 2438 669 2490 152,
690 2438 762 2491 19)
804 2439 1046 2481 fortunatus
1086 2439 1222 2494 pictor
1263 2436 1337 2480 ille
1380 2439 1571 2493 quisquis
1614 2438 1697 2479 fuit
1739 2441 1793 2489 et,

211 2511 405 2564 quamvis
452 2508 650 2565 Apellem
696 2511 840 2566 ipsum
888 2509 1147 2550 Parrhasium
1193 2509 1368 2551 scientia
1410 2509 1574 2560 vicerit,
1616 2510 1794 2551 materia

210 2584 351 2622 tamen
384 2582 587 2637 imaginis
620 2594 748 2636 quam
779 2584 868 2623 arte
900 2579 1082 2622 felicior!

253 2742 283 2782 1)
313 2742 453 2779 Tantum,
474 2742 556 2783 quod
579 2746 627 2774 est
649 2742 680 2773 in
704 2742 771 2774 eod.
794 2741 851 2780 Μ.,
872 2744 1001 2773 strenue
1014 2741 1157 2773 defendit
1169 2741 1340 2772 Burkhard
1354 2741 1559 2775 Wien.Stud.
1573 2742 1617 2773 IX
1631 2752 1705 2784 pag.
1719 2742 1790 2776 173.

256 2797 288 2836 2)
319 2796 388 2828 Van
421 2796 640 2839 Wageningen
673 2797 828 2839 praetulit
863 2797 1005 2835 illustri3
1038 2800 1072 2828 ut
1095 2796 1239 2838 plerique
1265 2796 1402 2828 editores
1425 2797 1619 2839 scripserunt
1641 2803 1673 2829 et
1697 2797 1791 2830 Ovid.

208 2853 287 2884 Met.
311 2851 344 2882 ΙΙ
372 2852 412 2882 50
437 2859 469 2883 et
492 2853 563 2883 Seu.
587 2851 681 2883 Herc.
705 2853 799 2894 [fun]
826 2853 888 2883 594
915 2851 1050 2883 inlustre
1073 2857 1180 2894 caput.
1208 2851 1340 2883 Kukula
1364 2851 1465 2884 edidit
1491 2852 1574 2884 Plin.
1600 2852 1679 2885 Pan.
1705 2853 1791 2890 83,4

210 2906 321 2938 multis
346 2906 544 2938 inlustribus.

253 2962 284 3001 3)
309 2961 407 2992 Halm
431 2961 549 3004 recepit
574 2961 823 3000 imbecillitati-53
851 2965 961 2993 contra
986 2961 1092 2993 Hense
1120 2961 1192 2993 Sen.
1216 2961 1275 3003 Ep.
1301 2961 1352 3000 30,
1367 2962 1386 2993 2
1410 2962 1614 2994 inbecillitas.
