1975 3376
1026 219 1080 261 16

319 342 505 385 Edoctus
535 340 668 384 Vellei
700 342 868 383 textum
902 341 1067 382 omissis
1099 340 1238 383 verbis
1271 341 1457 383 maxime
1489 341 1710 384 turbatum
1742 354 1834 384 esse

261 428 359 457 cum
401 412 585 468 Sauppio
621 415 717 454 ante
748 411 914 453 decessit
945 410 1140 453 lacunam
1171 414 1324 454 statuo.
1358 411 1634 467 Expleverim
1667 415 1838 454 autem:

262 483 337 528 Cn.
371 484 601 538 Pompeius
635 480 841 538 <adflatus
871 480 1032 538 sidere>
1068 481 1255 536 decessit,
1289 496 1520 537 provocans
1553 482 1604 524 ad
1637 482 1840 525 Momms.

260 555 308 597 R.
344 552 395 596 G.
430 552 489 594 II‘3
521 566 617 608 pag.
650 551 736 593 310
764 553 824 605 (iu
852 551 1010 604 adnot.)
1038 551 1230 593 Adflatus
1257 551 1404 602 sidere,
1432 554 1511 595 wie
1539 552 1688 595 Livius
1716 553 1840 605 (nach

261 625 501 679 Obsequens
537 622 609 673 56)
642 626 750 678 sagt,
784 622 917 664 heiszt
953 636 1064 672 „von
1093 621 1166 664 der
1190 622 1290 664 Pest
1315 622 1538 678 ergriffen'’
1568 637 1602 665 e.
1622 637 1660 679 q.
1679 637 1711 666 s.
1745 624 1848 665 Per-

260 697 395 738 tinent
437 697 580 736 autem
623 695 724 736 haec
757 693 886 736 verba
918 693 970 735 ad
1001 694 1146 749 ipsum
1178 692 1252 736 Cn.
1288 694 1545 750 Pompeium
1577 694 1843 737 Strabonem.

319 826 361 869 II
403 826 517 877 24,1
563 825 609 869 G.
654 825 828 868 Flavius
871 825 1074 877 Fimbria,
1119 827 1193 882 qui
1235 826 1470 882 praefectus
1512 827 1707 883 equitum
1746 830 1843 870 ante

261 897 495 941 adventum
536 896 681 939 Sullae
712 895 933 939 Valerium
967 896 1166 939 Flaccum
1199 897 1464 940 consularem
1496 899 1640 940 virum
1671 899 1848 941 interfe-

260 972 373 1011 cerat
405 969 678 1024 exercituque
712 971 914 1023 occupato
946 969 1180 1023 imperator
1212 967 1448 1024 appellatus
1471 968 1595 1023 fonte
1621 967 1850 1011 Mithrida-

259 1044 348 1082 tem
388 1038 609 1096 pepulerat
650 1037 824 1095 proelio,
866 1039 943 1080 sub
976 1038 1207 1081 adventum
1241 1038 1384 1081 Sullae
1417 1052 1460 1081 se
1489 1040 1580 1095 ipse
1611 1040 1845 1091 interemit,

259 1110 515 1161 adulescens,
549 1124 654 1166 quae
687 1111 868 1165 pessime
900 1123 1028 1152 ausus
1060 1113 1163 1160 erat,
1197 1110 1363 1153 fortiter
1393 1114 1629 1153 exsecutus.

317 1182 399 1224 Pro
413 1182 552 1238 fonte,
580 1195 685 1237 quae
713 1185 776 1222 est
803 1180 992 1223 codicum
1025 1182 1247 1236 scriptura,
1277 1181 1492 1223 Puteanus
1515 1182 1694 1224 coniecit
1711 1180 1842 1236 forti,

258 1253 390 1296 Halm
430 1257 579 1307 sponte,
623 1251 775 1294 Novak
797 1251 826 1304 ¹)
859 1252 1020 1304 inqenti.
1063 1252 1158 1308 Ipse
1189 1256 1292 1308 puto
1325 1252 1637 1294 restituendum
1669 1266 1756 1294 esse
1787 1267 1846 1293 se-

260 1326 399 1374 eundo,
429 1323 539 1380 quod
568 1337 642 1380 per
669 1323 967 1379 compendium
997 1324 1203 1379 scriptum
1231 1338 1311 1366 non
1338 1324 1398 1365 ita
1424 1322 1615 1366 multum
1642 1337 1666 1366 a
1692 1323 1847 1366 tradita

261 1397 468 1438 memoria
499 1394 651 1437 differt.

319 1522 360 1565 ΙΙ
391 1522 462 1573 25,
482 1522 508 1564 2
541 1522 751 1564 crescebat
782 1523 956 1564 interim
988 1523 1033 1563 in
1065 1521 1153 1564 dies
1185 1521 1328 1564 Sullae
1361 1523 1573 1564 exercitus
1601 1521 1849 1565 confluenti-

260 1595 338 1636 bus
370 1593 421 1635 ad
454 1607 552 1635 eum
586 1594 747 1648 optimo
781 1607 947 1648 quoque
977 1597 1019 1635 et
1049 1593 1268 1635 sanissimo.
1302 1592 1417 1635 felici
1446 1593 1596 1635 deinde
1628 1594 1736 1635 circa
1769 1591 1847 1636 Ca-

259 1678 390 1720 puam
422 1667 578 1706 eventu
604 1663 845 1719 Scipionem
872 1663 1206 1718 Norbanumque
1233 1663 1425 1706 consules
1453 1667 1635 1719 superat,
1664 1678 1845 1719 quorum

260 1735 486 1778 Norbanus
513 1736 600 1776 acie
628 1736 781 1784 victus,
810 1734 950 1790 Scipio
978 1735 1028 1776 ab
1057 1736 1245 1777 exercitu
1273 1749 1348 1776 suo
1377 1734 1566 1777 desertus
1592 1749 1638 1777 ac
1655 1734 1846 1790 proditus

259 1805 491 1848 inviolatus
534 1819 557 1847 a
591 1804 713 1847 Sulla
746 1805 947 1847 dimissus
980 1809 1056 1847 est.
1093 1804 1159 1861 §3
1193 1805 1295 1848 adeo
1327 1806 1442 1847 enim
1474 1804 1593 1847 Sulla
1625 1804 1845 1847 dissimilis

260 1877 344 1919 fuit
385 1876 565 1918 bellator
603 1890 649 1918 ac
692 1877 840 1927 victor,
887 1880 935 1918 ut
977 1875 1080 1918 dum
1125 1877 1259 1918 vincit
1290 1880 1320 1925 †
1353 1890 1399 1918 ac
1429 1877 1666 1918 iustissimo
1697 1874 1845 1927 lenior,

261 1951 357 2004 post
388 1948 612 1991 victoriam
644 1947 789 1989 audito
821 1947 949 1989 fuerit
982 1946 1204 1989 crudelior.

321 2017 398 2060 Vel
438 2032 489 2059 ex
528 2019 603 2067 eis,
638 2031 744 2072 quae
776 2017 990 2073 descripsi,
1025 2019 1127 2059 satis
1161 2021 1335 2074 apparet
1366 2017 1576 2060 Velleium
1608 2018 1848 2073 frequenter

262 2089 344 2131 duo
388 2101 628 2145 synonyma
671 2089 925 2144 coniungere
968 2090 1148 2143 (optimo
1192 2093 1234 2130 et
1276 2089 1496 2130 sanissimo
1508 2102 1518 2139 ;
1569 2088 1759 2130 desertus
1799 2101 1847 2129 ac

261 2159 470 2216 proditor,
513 2157 691 2201 bellator
733 2172 779 2200 ac
813 2160 980 2211 victor).
1026 2158 1228 2210 Quocirca
1259 2160 1428 2215 integra
1460 2158 1590 2201 verba
1622 2158 1751 2201 fuisse
1783 2159 1847 2200 vi-

262 2232 436 2273 dentur:
470 2233 519 2272 ut
551 2229 654 2271 dum
687 2230 834 2280 vincit,
871 2227 1176 2285 <sanctiss-imo>
1207 2243 1252 2271 ac
1279 2231 1515 2272 iustissimo
1540 2228 1675 2271 lenior
1701 2243 1735 2272 e.
1754 2243 1793 2285 q.
1813 2242 1846 2271 s.

262 2303 528 2358 Argumento
561 2303 659 2342 sunt
689 2299 731 2341 II
765 2299 834 2350 59,
854 2299 880 2341 2
914 2301 1169 2342 sanctissimi
1203 2304 1327 2355 atque
1360 2301 1712 2355 praestantissimi
1740 2301 1821 2343 viri
1833 2313 1844 2351 ;

262 2373 303 2414 II
332 2372 399 2422 13,
421 2371 442 2413 1
474 2373 541 2414 vir
566 2369 872 2421 nobilissimus,
902 2370 1289 2426 eloquentissimus,
1319 2372 1630 2421 sanctissimus3
1659 2370 1699 2413 II
1727 2370 1797 2422 46,
1817 2369 1844 2412 2

261 2445 330 2486 vir
360 2446 496 2484 cetera
528 2443 818 2483 sanctissimus
849 2443 1138 2497 immunisque
1170 2440 1463 2497 voluptatibus
1495 2445 1572 2484 cet.

322 2512 515 2555 Fortasse
541 2511 753 2562 librarius,
782 2526 880 2554 cum
906 2511 1032 2568 paulo
1058 2525 1186 2568 supra
1212 2513 1253 2567 (ξ
1271 2511 1315 2565 2)
1344 2514 1599 2555 exaravisset
1621 2511 1842 2563 sanissimo,

264 2584 410 2626 omisit
441 2583 698 2625 sanctissimo.

324 2715 364 2757 II
395 2715 465 2766 40,
486 2715 510 2756 5
544 2730 778 2771 numquam
810 2716 1041 2758 eminentia
1072 2714 1234 2757 invidia
1267 2719 1422 2757 carent.
1449 2716 1592 2771 itaque
1620 2718 1661 2757 et
1688 2713 1843 2756 Lucul-

262 2785 344 2836 lus,
385 2799 547 2827 memor
590 2790 720 2827 tamen
761 2790 952 2841 acceptae
994 2786 1186 2836 iniuriae,
1226 2789 1268 2827 et
1299 2784 1501 2828 Metellus
1534 2784 1724 2828 Creticus
1757 2798 1841 2826 non

261 2858 418 2899 iniuste
464 2870 639 2911 querens
687 2858 862 2913 (quippe
910 2861 1207 2899 ornamentum
1256 2857 1465 2912 triumphi
1514 2857 1604 2898 eius
1652 2856 1842 2911 captivos

308 2989 339 3029 1)
363 2988 412 3020 1.1.
434 2999 507 3030 pag.
532 2988 606 3019 302.
