1975 3376
928 226 985 268 23

228 351 336 404 Quia
376 353 567 407 princeps
609 354 759 408 incipit
800 366 823 394 a
866 352 993 394 verbo
1036 351 1147 393 male
1189 352 1375 393 ominato
1408 354 1533 405 atque
1565 351 1748 393 infausto

167 425 337 477 (nempe
368 423 520 475 occiso),
554 424 720 478 requiro
752 426 847 479 post
879 423 1024 464 dicerec
1056 423 1394 464 coniunctionem
1422 421 1747 463 adversativam.

164 491 259 547 Ipse
299 493 425 535 Peter
467 498 508 534 et
551 493 763 536 Baehrens
807 493 924 535 codd.
957 495 1209 548 scripturam
1243 497 1280 533 et
1310 495 1585 534 mutaverunt
1617 493 1661 532 in
1691 496 1749 533 set

165 562 270 604 XIX
301 563 518 616 (Maxim.)
551 564 622 614 21,
642 564 668 605 4
701 564 802 605 haec
832 578 929 605 cum
963 563 1093 605 vellet
1120 562 1344 612 vindicare,
1374 561 1563 604 multum
1592 564 1748 604 exarsit

162 635 386 684 exercitus,
420 639 478 675 set
511 634 658 676 odium
693 635 873 676 tacitum
906 636 949 675 in
983 639 1153 690 tempus
1186 632 1371 683 distulit,
1406 632 1516 688 quod
1548 632 1640 675 loco
1673 647 1747 674 suo

163 706 310 746 statim
343 705 543 760 prodidit.

225 839 331 881 XIX
363 840 579 892 (Maxim.)
612 840 695 891 2,1
732 841 787 882 Et
820 842 864 882 in
897 842 1034 896 prima
1066 839 1240 895 quidem
1272 840 1455 895 pueritia
1481 839 1564 880 fuit
1590 844 1745 895 pastor,

161 924 483 966 nonnumquam
526 914 656 954 etiam
700 916 729 961 †
764 916 959 965 procerte,
1004 912 1077 966 qui
1118 909 1354 952 latronibus
1393 909 1665 951 insidiaretur
1706 917 1747 952 et

163 995 259 1023 suos
292 982 342 1024 ab
375 983 686 1025 incursionibus
717 981 964 1024 vindicaret.

222 1051 549 1095 Restituendum
580 1053 752 1095 videtur
775 1056 1062 1106 propuynator.
1096 1050 1206 1093 Nam
1241 1049 1439 1092 credibile
1465 1054 1528 1092 est
1555 1052 1599 1092 in
1626 1050 1744 1094 libris

413 1114 466 1138 cert

160 1148 287 1190 fuisse
324 1132 614 1202 ρνορπρηαίον,
659 1148 769 1191 unde
812 1148 933 1191 facile
969 1151 1152 1201 procerte
1193 1148 1293 1188 oriri
1324 1148 1480 1201 potuit.
1524 1144 1587 1189 Cf.
1621 1146 1743 1187 XXV

160 1216 348 1270 (Claud.)
392 1218 431 1270 5,
452 1219 477 1259 5
522 1224 564 1261 at
607 1233 686 1275 ego
730 1221 814 1261 scio
857 1220 1023 1274 saepius
1064 1219 1176 1259 inter
1217 1216 1473 1272 gladiatores
1507 1217 1623 1258 bonis
1646 1231 1740 1269 pro-

151 1289 440 1342 puqnatoribus
489 1289 568 1331 hoc
615 1304 769 1332 nomen
816 1289 1072 1345 adpositum.
1125 1287 1343 1343 Imprimis
1392 1301 1490 1329 vero
1547 1287 1741 1329 afferatur

157 1359 263 1401 XIX
303 1359 518 1412 (Maxim.)
560 1359 632 1411 21,
653 1360 678 1402 6
725 1361 828 1402 Post
869 1360 946 1402 hoc
988 1358 1232 1415 Aquileiam
1274 1359 1404 1409 venit,
1449 1371 1554 1413 quae
1596 1361 1739 1399 contra

160 1444 258 1472 eum
285 1431 460 1472 armatis
486 1431 595 1473 circa
621 1445 765 1473 muros
793 1431 1007 1486 dispositis
1033 1434 1175 1485 portas
1203 1428 1369 1480 clausit,
1386 1428 1738 1482 neopropuynatio

157 1500 293 1542 defuit
333 1500 536 1544 Menofilo
580 1506 622 1543 et
659 1500 853 1557 Crispino
896 1501 1186 1543 consularibus
1229 1500 1332 1542 viris
1372 1499 1614 1541 auctoribus
1625 1513 1635 1550 ;
1670 1499 1738 1540 hic

156 1572 270 1613 enim
296 1570 530 1613 Salmasius
559 1572 759 1614 traditam
787 1573 1051 1622 memoriam,
1070 1585 1175 1627 quae
1192 1575 1254 1613 est
1271 1570 1523 1624 0p12u9ncati0,
1542 1571 1736 1611 correxit.

217 1706 322 1748 XIX
349 1707 564 1759 (Maxim.)
592 1707 664 1758 27,
685 1707 708 1751 ’7
739 1711 985 1749 manserunt
1012 1711 1156 1749 autem
1184 1706 1296 1761 apud
1324 1720 1419 1748 eam
1446 1719 1562 1747 arrae
1579 1706 1736 1760 regiae,

157 1791 263 1833 quae
296 1777 401 1820 tales
433 1783 500 1830 (ut
531 1778 680 1820 Iunius
714 1777 876 1821 Cordus
903 1778 1106 1833 loquitur,
1137 1776 1268 1834 (qm)
1298 1777 1451 1818 harum
1478 1790 1622 1818 rerum
1649 1789 1737 1831 per·

155 1853 321 1891 secutor
354 1855 434 1901 est)
466 1849 598 1891 fuisse
630 1849 842 1891 dicuntur.

216 1919 318 1962 Post
349 1920 488 1975 loquib'
522 1925 591 1972 (=
606 1919 815 1976 loquitur)
849 1922 1056 1962 omissum
1088 1923 1150 1961 est
1181 1919 1262 1974 qui,
1296 1919 1405 1960 sicut
1431 1918 1539 1960 infra
1565 1932 1652 1973 cap.
1679 1916 1736 1958 28

155 1990 254 2046 §10
296 1996 390 2045 post
432 1991 519 2046 quis
560 1991 714 2033 excidit
754 1990 836 2046 qui.
878 1990 942 2032 Ibi
984 1997 1127 2032 autem
1171 1990 1219 2031 de
1261 1989 1407 2031 eodem
1448 1988 1570 2030 Iunio
1602 1987 1736 2030 Cordo

155 2062 321 2117 agitur:
367 2061 508 2117 „quod
551 2061 707 2104 idcirco
749 2061 898 2112 indidi,
941 2075 993 2103 ne
1034 2062 1128 2116 quis
1163 2059 1293 2119 <qui>
1329 2058 1518 2102 Cordum
1559 2057 1734 2115 legeret,

154 2146 225 2174 me
255 2133 588 2187 praetermisisse
621 2132 805 2174 crederet
837 2131 1011 2187 aliquid,
1045 2130 1156 2186 quod
1189 2131 1239 2173 ad
1271 2135 1435 2186 patrem
1461 2129 1734 2185 pertineret’'.

155 2201 218 2245 Of.
263 2204 392 2244 etiam
436 2216 526 2258 cap.
572 2202 642 2252 31,
662 2202 688 2244 4
730 2201 847 2259 legat
879 2200 1080 2253 Cordum,
1114 2202 1183 2256 qui
1213 2201 1314 2243 haec
1347 2201 1488 2243 omnia
1519 2213 1652 2255 usque
1684 2199 1735 2242 ad

157 2272 357 2316 fabellam
391 2275 572 2329 scripsit.

219 2408 302 2449 XX
333 2407 498 2461 (Gord.)
525 2408 595 2459 22,
616 2409 640 2450 5
674 2407 913 2452 Gordianus
939 2408 1051 2450 scilet
1078 2407 1228 2451 Caesar
1254 2407 1390 2449 factus
1416 2406 1526 2462 apud
1553 2409 1735 2448 matrem

158 2479 360 2520 educatus
403 2483 466 2520 est
509 2484 564 2529 et,
608 2494 707 2521 cum
751 2481 948 2522 extinctis
990 2478 1241 2536 Maximinis
1281 2477 1498 2519 Maximus
1531 2478 1659 2518 etiam
1692 2482 1734 2518 et

157 2548 361 2590 Balbinus
386 2548 567 2591 militari
595 2550 799 2592 seditione
825 2550 1071 2605 interempti
1098 2551 1237 2590 essent
1255 2578 1382 2589 .....
1401 2547 1568 2603 ingenti
1593 2546 1732 2588 studio

157 2622 199 2660 et
229 2620 368 2675 gratia
401 2620 624 2675 Augustus
656 2624 720 2662 est
751 2619 1002 2676 appellatus.

217 2689 331 2741 Quae
372 2688 508 2732 Iulius
552 2689 820 2747 Capitolinus
859 2694 1001 2732 narrat
1038 2688 1314 2745 paragraphis
1346 2689 1536 2743 proxime
1568 2701 1732 2742 praece-

154 2759 363 2810 dentibus,
391 2759 513 2816 plane
546 2763 812 2803 consentiunt
843 2775 941 2803 cum
972 2760 1078 2802 XXI
1110 2759 1244 2811 (Max.
1272 2762 1313 2801 et
1339 2758 1477 2811 Balb.)
1506 2758 1531 2800 3
1558 2757 1729 2813 §3—5.

153 2830 236 2873 Hic
268 2835 410 2872 autem
442 2830 603 2887 legitur
636 2832 685 2874 de
719 2832 865 2874 eodem
898 2829 1108 2873 Gordiano
1141 2831 1181 2885 (ξ
1200 2829 1268 2882 5);
1302 2831 1374 2885 qui
1406 2831 1552 2871 statim
1583 2833 1729 2885 raptus
1811 2854 1813 2856 -

154 2906 217 2943 est
248 2905 290 2942 et
319 2915 428 2944 novo
460 2916 615 2958 genere
646 2907 804 2944 senatus
834 2901 1015 2952 consulti,
1050 2915 1148 2942 cum
1181 2899 1324 2942 eadem
1358 2899 1424 2942 die
1455 2904 1614 2941 senatus
1645 2915 1730 2941 eon-

153 2971 299 3012 sultum
330 2971 489 3014 factum
523 2977 643 3025 esset,
676 2973 874 3015 inductus
905 2974 950 3014 in
981 2973 1142 3014 curiam
1171 2969 1322 3014 Caesar
1353 2974 1415 3012 est
1448 2969 1696 3025 appellatus.
