1975 3376
963 210 1020 253 20

200 340 429 388 cunctator,
473 339 598 378 tenax
630 332 830 383 liberalis,
874 331 1096 374 simulator
1130 329 1376 387 ψωμῶν),
1411 345 1562 375 saevus
1595 331 1779 375 clemens

201 413 242 452 et
274 422 439 464 semper
470 408 514 449 in
546 405 741 448 omnibus
773 404 932 446 varius.

260 480 446 522 Reimari
473 475 821 532 supplementum
848 475 974 516 Peter
1005 476 1050 515 in
1083 476 1251 516 textum
1284 475 1454 530 recepit,
1487 477 1531 516 at
1562 474 1670 516 mihi
1698 487 1781 515 non

198 552 340 592 minus
382 550 466 591 huc
507 547 710 603 quadrare
753 545 925 588 videtur
965 545 1155 595 sincerus,
1199 544 1250 587 cf.
1285 543 1470 586 XXVIII
1501 544 1660 597 (Prob.)
1693 544 1779 596 2,2

198 626 240 663 01
271 621 471 677 quoniam
503 632 572 660 me
604 617 655 659 ad
688 615 924 672 colligenda
957 614 1054 658 talis
1081 617 1163 658 viri
1189 618 1311 672 gesta
1339 615 1573 671 ephemeris
1600 614 1781 657 Turduli

199 691 410 734 Gallicani
457 688 693 745 plurimum
740 688 867 737 iuvit,
915 687 998 728 viri
1040 687 1327 728 honestissimi
1371 700 1416 728 30
1455 685 1716 745 μ,ς’ἱφι00111317711·
1738 683 1781 737 ¹),

200 761 449 804 beneficium
491 760 616 802 amici
662 759 772 800 senis
811 761 946 800 tacere
989 771 1070 799 non
1114 756 1253 799 debui.
1300 755 1501 800 Ceterum
1543 769 1782 813 synonyma

197 847 286 875 esse
326 831 401 874 1113
432 831 562 873 verba
592 829 760 882 simplex
792 832 834 871 et
864 828 1041 869 sincerus
1073 827 1211 870 elucet
1243 842 1293 871 ex
1327 828 1582 884 Panegyric.
1614 826 1693 869 VII
1726 826 1780 869 16

197 903 364 956 (Baehr.
407 916 480 958 pg.
517 899 615 951 173,
636 900 679 952 9)
721 900 790 941 hic
833 898 994 949 firmus,
1039 899 1108 941 hic
1150 903 1347 941 aeternus
1391 902 1454 940 est
1496 900 1557 941 rei
1589 898 1782 954 publicae

196 978 338 1017 custos
371 986 496 1029 quem
528 973 672 1028 ipsum
698 984 773 1026 per
799 984 842 1012 se
868 969 1031 1011 milites
1059 973 1218 1019 amant,
1253 971 1321 1011 0111
1354 983 1436 1012 11011
1467 968 1682 1012 eblandita
1708 982 1783 1011 nec

198 1044 370 1089 vendita
403 1044 535 1086 servit
566 1041 768 1092 adulatio,
801 1040 872 1083 sed
903 1041 1067 1094 simplem
1099 1045 1141 1083 et
1172 1040 1327 1082 sincera
1359 1040 1542 1083 devotio.

259 1190 315 1233 IV
356 1190 434 1243 (M.
479 1190 576 1231 Ant.
621 1187 751 1240 Phil.)
797 1185 908 1238 14,7
956 1185 1117 1242 placuit
1158 1189 1303 1229 autem
1347 1189 1524 1242 urgente
1557 1186 1700 1236 Lucio,
1733 1189 1782 1227 ut

196 1262 438 1318 praemissis
466 1259 517 1302 ad
545 1263 740 1302 senatum
768 1257 924 1300 litteris
957 1256 1116 1299 Lucius
1147 1257 1329 1300 Romam
1360 1257 1529 1300 rediret.
1563 1261 1593 1306 †
1624 1256 1780 1312 uiaque,

197 1337 473 1389 posteaquam
515 1333 596 1373 iter
635 1330 816 1385 ingressi
859 1332 972 1379 sunt,
1016 1328 1162 1371 sedens
1206 1343 1301 1371 cum
1346 1328 1474 1370 fratre
1510 1329 1555 1370 in
1587 1326 1782 1370 vehiculo

197 1404 355 1446 Lucius
387 1401 580 1458 apoplexi
614 1404 808 1457 arreptus
841 1401 967 1456 perit.

257 1475 373 1516 Haec
404 1473 604 1516 Salmasii
635 1472 761 1514 lectio
792 1471 961 1527 probari
993 1485 1076 1513 non
1109 1474 1260 1526 potest,
1295 1470 1367 1514 sed
1400 1473 1472 1513 vix
1506 1470 1653 1513 dubito
1681 1470 1783 1526 quin

196 1544 508 1588 restituendum
537 1546 593 1586 sit
620 1543 811 1598 brevique,
839 1542 950 1584 unde
978 1542 1043 1583 bia
1069 1557 1230 1598 quoque,
1260 1542 1370 1597 quod
1399 1542 1600 1584 exhibent
1626 1541 1660 1583 B
1677 1545 1719 1584 et
1735 1540 1782 1591 P,

197 1616 266 1660 vel
298 1617 364 1657 via
395 1630 557 1671 quoque,
590 1613 700 1670 quod
733 1617 795 1656 est
826 1614 870 1655 in
904 1612 967 1664 M,
1002 1612 1125 1655 facile
1159 1614 1260 1655 oriri
1292 1615 1443 1669 potuit.

258 1753 313 1795 VI
345 1752 488 1805 (Avid.
521 1750 654 1802 Cass.)
692 1749 758 1800 13,
778 1750 805 1792 2
838 1749 958 1792 Hanc
990 1751 1081 1793 eius
1114 1749 1387 1792 clementiam
1420 1753 1589 1792 senatus
1621 1751 1687 1792 his
1716 1749 1783 1792 ad-

197 1823 522 1868 clamationibus
554 1824 803 1878 prosecutus
835 1825 921 1863 est:
960 1821 1202 1872 „Antonine
1234 1822 1324 1877 pie,
1353 1821 1396 1862 di
1424 1824 1465 1863 te
1492 1825 1672 1864 servent.
1704 1821 1787 1862 An-

205 1896 346 1938 tonine
379 1893 575 1942 clemens,
609 1892 651 1933 di
683 1895 723 1934 te
751 1895 933 1934 servent.
969 1892 1180 1934 Antonine
1206 1896 1235 1941 †
1262 1892 1437 1946 clemens,
1465 1891 1508 1933 di
1535 1896 1576 1934 te
1603 1895 1785 1934 servent.

266 1963 641 2008 Verisimillimum
692 1966 755 2005 est
803 1962 935 2005 311010
983 1963 1147 2004 clemens
1194 1962 1306 2005 male
1353 1964 1533 2018 repetito
1581 1964 1788 2005 sinceram

206 2050 354 2079 vocem
388 2036 570 2089 prudens
600 2032 768 2089 pulsam
801 2047 901 2076 esse.
935 2033 1097 2076 Eadem
1129 2035 1243 2075 enim
1275 2033 1484 2076 adiectiva
1515 2035 1672 2089 pariter
1702 2034 1787 2076 fere

206 2109 524 2163 coniunguntur
565 2104 749 2146 XXVIII
793 2105 954 2157 (Proh.)
998 2104 1068 2156 22,
1090 2105 1112 2146 1
1158 2103 1384 2148 conferens
1425 2118 1505 2161 ego
1551 2119 1648 2147 cum
1692 2104 1788 2147 aliis

206 2177 533 2234 imperatoribus
565 2176 800 2231 principem
832 2175 1020 2218 Probum
1053 2175 1248 2217 omnibus
1278 2189 1407 2230 prope
1438 2174 1640 2217 Romanis
1674 2174 1789 2217 duci-

207 2251 298 2299 bus,
333 2262 415 2304 qua
447 2247 589 2297 fortes,
624 2260 706 2301 qua
737 2246 952 2297 clementes,
986 2260 1069 2302 qua
1092 2247 1323 2300 prudentes,
1357 2259 1439 2301 qua
1470 2245 1686 2288 mirabiles
1720 2260 1789 2288 ex-

207 2322 420 2369 stiterunt,
464 2317 670 2373 intellego
714 2317 826 2359 hunc
867 2319 1010 2359 virum
1052 2321 1127 2359 aut
1168 2330 1313 2372 parem
1356 2317 1484 2358 fuisse
1516 2320 1603 2367 aut,
1637 2318 1673 2358 si
1705 2331 1787 2360 non

206 2393 417 2446 repugnat
456 2387 618 2430 invidia
660 2388 829 2438 furiosa,
873 2387 1108 2430 meliorem.
1152 2387 1359 2444 Legentes
1401 2386 1541 2443 relego
1574 2388 1703 2429 etiam
1735 2388 1787 2430 ad

207 2460 349 2502 XVIII
390 2458 530 2511 (Alex.
572 2457 687 2510 Sev.)
721 2457 762 2508 9,
783 2458 805 2499 l
850 2459 1162 2501 Antoninorum
1202 2471 1370 2508 nomen,
1405 2456 1476 2500 vel
1507 2459 1594 2500 iam
1626 2472 1785 2500 numen

208 2533 351 2588 potius
393 2533 600 2586 quantum
640 2529 785 2579 fuerit,
828 2531 1025 2572 meminit
1066 2533 1206 2572 vestra
1237 2528 1465 2570 elementia:
1501 2530 1536 2570 si
1569 2529 1785 2584 pietatem,

209 2601 309 2658 quid
342 2602 418 2643 Pio
451 2598 665 2643 sanctius?
698 2601 734 2641 si
765 2599 1016 2651 doctrinam,
1050 2600 1152 2656 quid
1184 2600 1324 2642 Marco
1348 2597 1621 2653 prudentius?

272 2747 335 2789 IX
376 2746 490 2799 (Did.
526 2745 697 2797 Iulian.)
731 2745 770 2796 6,
792 2745 816 2786 5
860 2745 976 2788 Η300
1019 2760 1117 2788 011111
1159 2745 1350 2788 Iulianus
1381 2745 1558 2797 videret,
1592 2749 1787 2788 senatum

210 2819 394 2875 rogavit,
435 2821 484 2859 ut
528 2818 716 2873 virgines
758 2815 948 2859 Vestales
991 2821 1033 2859 et
1074 2818 1202 2859 ceteri
1244 2816 1477 2860 sacerdotes
1512 2831 1610 2859 011111
1640 2819 1789 2859 senatu

263 2982 292 3020 1)
316 2980 365 3012 Cf.
389 2980 472 3011 Plin.
498 2979 575 3011 Pau.
602 2978 654 3017 70,
669 2979 685 3009 5
712 2979 835 3010 sincera
859 2981 1007 3021 rectaque
1031 2979 1159 3021 ingenia
1185 2990 1211 3011 0.
1227 2990 1256 3022 q.
1271 2991 1295 3012 3.
