1975 3376
953 195 979 237 3

234 317 413 361 Phaedr.
447 316 534 360 299

414 388 554 430 induit
586 388 742 431 formas
775 390 968 445 quotiens
1000 389 1185 430 minores

414 460 504 515 ipse
537 461 610 515 qui
641 459 806 502 caelum
838 459 1097 515 nebulasque
1129 464 1159 510 †
1182 459 1292 514 fecit

415 530 610 572 candidas
644 530 728 573 ales
761 530 885 572 modo
917 532 1054 572 movit
1088 530 1174 572 alas

417 600 579 644 dulcior
610 616 757 644 vocem
789 603 994 644 moriente
1030 616 1184 658 cygno.

177 669 224 712 In
266 670 534 714 adnotatione
575 671 627 714 ad
660 686 720 715 vs.
755 671 842 714 300
873 671 958 714 Leo
992 672 1207 714 observat:
1241 672 1569 724 νεφεληγερέταν
1600 673 1756 714 innuit.

177 740 297 793 Quod
328 755 427 783 cum
459 743 733 785 verissimum
767 744 836 793 sit,
869 742 1046 784 emendo

417 813 507 868 ipse
538 814 612 869 qui
643 812 809 855 caelum
842 811 1099 868 nebulasque
1132 812 1229 853 civit

173 895 404 938 provocans
435 882 487 926 ad
517 882 643 939 Verg.
681 884 782 926 Aen.
816 882 872 925 IV
907 882 991 925 122
1024 887 1065 925 et
1097 884 1258 926 tonitru
1291 883 1439 925 caelum
1472 898 1594 927 omne
1633 884 1756 927 ciebo.

236 1027 382 1085 Oedip.
417 1028 503 1072 875
987 1028 1145 1071 saeculi
1176 1031 1335 1072 crimen
1369 1044 1516 1087 vagor,

415 1099 561 1141 odium
593 1098 781 1151 deorum,
815 1100 920 1141 iuris
953 1101 1135 1142 exitium
1170 1103 1290 1152 sacri,

414 1184 496 1226 qua
527 1169 620 1212 luce
653 1171 841 1226 primum
877 1172 1053 1226 spiritus
1085 1172 1209 1213 hausi
1239 1172 1364 1214 rudes

414 1242 500 1282 iam
535 1245 672 1283 morte
705 1241 874 1298 dignus.
907 1241 1033 1284 redde
1066 1257 1178 1285 nunc
1210 1244 1372 1285 animos
1404 1247 1434 1292 †
1466 1258 1575 1285 aeres

416 1326 527 1354 nunc
560 1311 720 1368 aliquid
752 1312 857 1355 aude
890 1312 1118 1355 sceleribus
1150 1313 1330 1370 dignum
1363 1315 1462 1356 tuis.

178 1381 280 1424 Leni
310 1381 521 1424 medicina
551 1382 741 1425 adhibita
772 1385 962 1440 corrigo:
995 1384 1120 1426 redde
1153 1399 1265 1427 nunc
1297 1385 1448 1427 animos
1479 1400 1617 1437 mares,
1648 1385 1759 1441 quod

178 1456 221 1494 et
265 1451 377 1495 color
420 1454 620 1496 orationis
662 1453 857 1510 flagitare
891 1454 1063 1497 videtur
1094 1457 1136 1496 et
1168 1455 1489 1498 commendatur
1521 1456 1670 1498 Horat.
1707 1457 1758 1499 A.

174 1523 226 1565 P.
260 1523 344 1565 401
365 1538 453 1580 sqq.

818 1595 921 1638 Post
951 1596 1029 1638 hos
1061 1597 1242 1652 insignis
1273 1596 1487 1639 Homerus

368 1710 371 1711 ⁷
415 1665 706 1722 Tyrtaeusque
739 1681 864 1708 mares
896 1667 1044 1709 animos
1075 1669 1120 1709 in
1153 1667 1312 1710 Martia
1344 1667 1454 1710 bella

415 1735 615 1778 Versibus
649 1738 830 1779 exacuit.

176 1805 266 1849 Vox
306 1807 426 1848 maris
468 1821 590 1862 saepe
632 1809 815 1850 occurrit
853 1809 897 1850 in
939 1808 1118 1851 Senecae
1159 1809 1309 1851 Natur.
1355 1809 1540 1862 Quaest„
1575 1810 1694 1853 velut
1738 1809 1757 1852 I

178 1876 247 1928 16,
268 1875 312 1928 '75
346 1876 407 1919 III
441 1876 558 1928 12‚2
592 1878 705 1931 (bis),
741 1883 818 1921 cet.

237 2013 363 2055 Herc.
398 2013 528 2067 [Oet.]
562 2013 619 2056 28

416 2084 710 2140 quodcumque
742 2083 871 2126 tellus
902 2086 1053 2140 genuit
1085 2086 1237 2128 infesta
1271 2087 1424 2129 occidit

414 2169 596 2211 meaque
629 2155 773 2197 fusum
807 2159 870 2198 est
901 2155 1093 2198 dextera:
1126 2158 1247 2198 iratis
1281 2157 1368 2199 deis

413 2241 495 2268 non
527 2226 651 2268 licuit
683 2241 786 2269 esse.
819 2228 855 2268 si
885 2230 1015 2283 negat
1048 2227 1230 2270 mundus
1263 2229 1370 2270 feras

414 2301 443 2347 †
477 2297 648 2339 animum
681 2312 895 2349 novercam,
930 2298 1057 2340 redde
1088 2313 1199 2341 nunc
1232 2304 1329 2342 nato
1361 2304 1525 2355 patrem

414 2368 485 2411 vel
517 2372 628 2411 astra
661 2369 774 2411 forti.

175 2438 326 2481 Editor
357 2441 556 2482 coniecit:
592 2441 745 2480 tandem
777 2454 975 2491 novercae,
1010 2441 1119 2482 mihi
1150 2455 1298 2483 verum
1332 2442 1524 2485 videtur:
1559 2444 1593 2485 si
1627 2447 1755 2499 negat

172 2509 359 2551 mundus
399 2510 507 2552 feras
536 2510 541 2566 Ι
570 2510 730 2551 iamiam
772 2525 958 2552 novercae
999 2525 1034 2553 e.
1060 2526 1098 2567 q.
1128 2525 1159 2553 s,
1207 2513 1373 2554 Iamiam
1410 2513 1570 2570 legitur
1601 2514 1750 2557 Troad.

177 2579 306 2632 1141,
339 2580 465 2623 Herc.
500 2581 631 2636 [Oet.]
667 2580 795 2631 1141,
829 2586 872 2623 at
903 2582 1135 2638 iamiamque
1167 2582 1278 2625 Dial.
1307 2584 1384 2626 VII
1416 2585 1484 2638 (de
1517 2587 1594 2628 vit.
1625 2586 1752 2637 beat.)

177 2649 247 2701 26,
267 2650 316 2701 3;
349 2650 411 2693 De
444 2651 586 2693 Benef.
620 2650 690 2702 VI,
725 2651 811 2702 3‚2
845 2656 924 2694 cet.

233 2797 360 2840 Herc.
394 2796 525 2852 [Oet.]
561 2795 676 2841 1173

1005 2884 1079 2925 pro
1112 2870 1260 2913 mundi
1293 2872 1449 2914 arbiter

409 2940 633 2996 superique
663 2938 874 2994 quondam
907 2939 1101 2984 dexterae
1133 2945 1261 2984 testes
1295 2956 1426 2995 meae,
