1975 3376
969 172 994 213 9

255 292 594 349 Temptaverim:
636 294 762 345 malo,
801 294 901 350 quid
934 295 1042 335 mihi
1076 295 1209 336 animi
1243 296 1311 344 sit,
1346 293 1561 336 ostendere
1593 299 1778 350 praetex-

191 366 305 406 tatus
332 368 374 406 et
398 365 599 406 causianis
621 364 650 417 ¹)
676 379 805 420 quam
832 364 957 406 nudis
990 363 1174 419 scapulis
1203 368 1276 406 aut
1304 364 1444 415 sentis;
1475 365 1526 408 cf.
1555 364 1647 407 Ter.
1666 365 1774 408 Eun.

189 433 276 476 236
309 434 431 477 video
461 441 611 476 sentum
643 435 886 491 squalidum
921 449 1114 491 aegrum,
1158 436 1307 490 pannis
1339 436 1541 491 annisque
1573 436 1772 478 obsitum.

250 555 314 597 IX
340 555 407 607 (de
434 560 569 612 tranq.
599 561 684 609 an.)
714 556 753 608 9,
774 556 800 598 2
829 557 947 599 cibus
975 557 1132 599 famem
1163 556 1319 606 domet,
1348 558 1464 612 potio
1483 558 1615 609 sitim,
1642 557 1773 601 libido

189 640 271 682 qua
311 641 474 669 necesse
506 631 569 670 est
601 628 706 670 fluat
717 641 726 678 ;
764 628 975 669 discamus
1006 628 1211 669 membris
1245 629 1399 669 nostris
1431 629 1571 678 inniti,
1605 628 1770 671 cultum

187 699 435 752 victumque
475 712 559 740 non
600 698 649 740 ad
693 712 803 740 nova
845 697 1040 753 exempla
1076 712 1336 753 componere,
1371 698 1442 740 sed
1474 702 1523 740 ut
1555 700 1767 741 maiorum

182 781 320 810 mores
348 768 524 810 suadent
537 782 546 818 ;
577 768 789 811 discamus
817 769 1124 810 continentiam
1144 782 1312 823 augere,
1332 768 1548 811 luxuriam
1568 783 1768 821 coercere,

179 838 363 895 gloriam
396 843 642 894 temperare,
675 838 940 880 iracundiam
967 837 1113 889 lenire,
1144 843 1439 894 paupertatem
1466 841 1609 895 aequis
1636 841 1769 883 oculis

182 911 379 965 aspicere,
420 909 715 966 frugalitatem
760 909 908 958 colere,
953 911 1083 951 etiam
1126 911 1161 951 si
1204 909 1367 951 multos
1409 910 1586 966 pudebit
1618 913 1708 953 eius
1739 916 1769 962 †

181 979 291 1035 plus,
326 980 541 1022 desideriis
570 979 834 1022 naturalibus
861 993 992 1034 parvo
1020 984 1165 1035 parata
1194 980 1379 1021 remedia
1409 981 1605 1023 adhibere
1634 996 1768 1037 e.q.s.

243 1049 415 1106 Integra
452 1050 577 1092 lectio
622 1050 796 1093 videtur
837 1051 990 1092 fuisse:
1037 1052 1167 1092 etiam
1209 1053 1245 1092 si
1279 1051 1438 1093 multos
1471 1052 1647 1107 pudebit
1681 1055 1770 1096 eius

188 1119 354 1180 (iusto)
388 1121 497 1177 plus.
531 1120 593 1164 Of.
627 1121 677 1164 de
711 1120 844 1164 Clem.
878 1121 897 1163 Ι
931 1121 971 1172 2,
991 1121 1017 1163 2
1053 1135 1185 1177 aequo
1218 1121 1328 1177 plus.

245 1242 285 1284 X
326 1242 393 1294 (de
435 1243 550 1286 brev.
584 1245 680 1294 vit.)
725 1242 840 1294 15,4
888 1243 1077 1294 honores,
1124 1245 1400 1295 monimenta,
1445 1244 1652 1300 quidquid
1693 1250 1768 1288 aut

185 1312 361 1355 decretis
401 1314 578 1356 ambitio
618 1316 743 1356 iussit
785 1318 860 1356 aut
902 1315 1097 1370 operibus
1140 1316 1363 1366 exstruxit,
1406 1317 1489 1357 cito
1531 1316 1764 1369 subruitur,

184 1383 294 1425 nihil
334 1399 416 1427 non
457 1384 584 1441 longa
625 1384 853 1427 demolitur
890 1389 1080 1428 vetustas
1114 1390 1155 1427 et
1185 1390 1308 1427 movet
1315 1404 1332 1435 ;
1364 1391 1406 1428 at
1436 1387 1502 1436 iis,
1537 1401 1642 1442 quae
1674 1401 1765 1430 con-

185 1457 366 1498 secravit
398 1457 616 1511 sapientia,
648 1470 795 1498 nocere
827 1470 908 1498 non
940 1460 1091 1513 potest.

241 1526 322 1568 Per
348 1526 700 1582 haplographiam
727 1526 952 1582 quandam,
986 1531 1035 1568 ut
1063 1528 1224 1582 opinor,
1253 1530 1349 1582 post
1378 1532 1550 1568 vetustas
1577 1533 1614 1569 et
1640 1530 1765 1584 scrip—

184 1599 278 1638 tum
321 1601 383 1639 est
424 1602 547 1638 movet
587 1611 661 1653 pro
701 1602 875 1638 semovet.
909 1596 1127 1639 Laudetur
1157 1595 1244 1640 Cic.
1280 1597 1329 1638 de
1362 1597 1431 1640 fin.
1467 1597 1502 1640 V
1534 1598 1628 1653 §21
1663 1599 1765 1642 haec

182 1668 228 1708 in
259 1669 496 1723 praesentia
526 1673 626 1710 nota
653 1682 740 1710 esse
773 1667 998 1718 debebunt,
1032 1666 1298 1723 voluptatem
1330 1670 1593 1710 semovendam
1626 1684 1727 1712 esse.

241 1790 304 1832 XI
347 1790 415 1842 (ad
451 1790 600 1848 Polyb.
636 1791 685 1832 de
718 1794 849 1843 cons.)
885 1789 955 1843 17,
975 1790 1000 1832 4
1034 1789 1078 1833 O.
1114 1789 1265 1834 Caesar
1297 1793 1452 1833 amissa
1484 1806 1621 1835 sorore
1655 1792 1764 1835 Dru-

181 1860 288 1912 silla,
321 1863 358 1903 is
389 1861 528 1912 homo,
562 1863 635 1917 qui
662 1876 745 1903 non
773 1863 913 1918 magis
941 1861 1081 1904 dolere
1111 1875 1238 1917 quam
1265 1861 1449 1918 gaudere
1475 1863 1765 1919 principaliter

178 1935 333 1988 posset,
373 1936 643 1987 conspectum
674 1933 1122 1987 conversationemque
1154 1934 1315 1975 civium
1348 1947 1523 1975 suorum
1555 1935 1760 1990 profugit,

181 2004 391 2058 exsequiis
435 2004 587 2045 sororis
624 2017 723 2045 suae
755 2017 836 2045 nou
869 2003 1077 2054 interfuit,
1109 2005 1222 2045 iusta
1254 2005 1388 2045 sorori
1419 2018 1498 2046 non
1534 2007 1759 2060 praestitit,

180 2073 252 2116 sed
278 2075 322 2115 111
348 2072 513 2115 Albano
543 2087 618 2115 suo
645 2075 811 2115 tesseris
839 2088 884 2114 ao
900 2074 1004 2128 foro
1032 2078 1070 2114 et
1086 2074 1314 2127 pervoeatz's
1341 2077 1382 2116 et
1400 2074 1648 2117 huiusmodi
1666 2074 1759 2117 aliis

180 2145 524 2199 occupationibus
564 2144 885 2186 acerbississimi
926 2144 1085 2186 funeris
1129 2143 1321 2186 elevabat
1354 2144 1478 2187 mala.
1518 2160 1592 2201 pro
1624 2146 1760 2201 pudor

180 2213 372 2270 imperii!
411 2216 612 2270 principis
644 2214 825 2257 Romani
855 2214 1043 2271 lugentis
1077 2229 1263 2257 sororem
1295 2214 1386 2257 alea
1419 2215 1623 2258 solacium
1655 2215 1760 2259 fuit!

242 2285 378 2328 Verba
409 2285 586 2328 Senecae
617 2286 700 2327 nisi
731 2285 853 2327 fallor
884 2286 1078 2327 fuerunt:
1112 2285 1184 2327 sed
1216 2287 1260 2327 111
1292 2284 1456 2328 Albano
1489 2300 1564 2329 suo
1596 2289 1762 2329 tesseris

181 2370 228 2398 ac
297 2356 424 2397 ritillo
456 2360 697 2410 pernoctans
738 2370 773 2398 e.
792 2370 830 2411 q.
849 2370 881 2398 s.
915 2356 1038 2398 Prior
1070 2370 1154 2398 vox
1186 2356 1508 2399 commendatur
1538 2357 1760 2413 Apocoloc.

181 2426 239 2469 -12
272 2441 334 2470 vs,
368 2426 424 2469 30
1014 2428 1089 2482 qui
1120 2441 1319 2469 concusso

599 2511 756 2554 magna
786 2498 965 2553 parastis
996 2497 1114 2540 lucra
1135 2498 1317 2553 fritillo.

179 2569 272 2612 Iam
311 2583 411 2613 vero
444 2573 684 2623 pernoctans
724 2582 878 2624 parum
911 2568 1048 2611 differt
1083 2583 1106 2611 a
1131 2569 1371 2623 pernotatis,
1407 2583 1512 2625 quae
1543 2569 1667 2612 lectio
1699 2574 1761 2612 est

180 2642 224 2683 111
256 2639 343 2682 cod.
377 2639 412 2682 B
445 2640 542 2691 (sec.
575 2643 721 2693 mam).

226 2786 256 2826 1)
280 2785 328 2817 De
348 2783 458 2816 causia
478 2784 516 2816 cf.
537 2783 706 2825 Amelung,
728 2782 788 2814 Die
811 2781 1016 2823 Gewandung
1037 2781 1091 2813 der
1112 2782 1200 2814 alten
1220 2781 1375 2814 Griechen
1396 2783 1460 2815 und
1480 2783 1596 2815 Romer
1615 2795 1686 2826 pag.
1702 2783 1758 2818 28.
