1975 3376
983 194 1039 236 26

219 312 406 369 legimus
447 317 655 357 omissum
698 330 785 358 esse
825 317 933 358 infra
966 316 1042 358 VII
1077 316 1103 358 2
1135 311 1248 373 (pag.
1285 316 1383 365 161,
1403 316 1501 370 22):
1546 318 1624 360 hoc
1656 317 1797 367 habes,

221 383 505 437 Constantine,
540 388 816 442 praecipuum
850 388 959 443 quod
991 389 1220 443 imperator
1254 385 1406 443 (ortu)
1441 402 1496 430 es.

282 455 346 497 Ad
390 459 644 498 sententiam
687 458 927 500 conferatur
967 458 1029 499 IX
1073 457 1097 499 5
1131 462 1246 515 (pag.
1283 457 1382 510 197,
1403 459 1446 511 3)
1478 447 1540 501 ita‘
1570 473 1634 500 res
1667 458 1797 501 simul

220 531 354 580 coepta
387 532 428 569 et
451 532 634 581 patrata,
668 529 922 585 iunctusque
953 529 1181 571 rebellibus
1214 530 1295 571 fuit
1328 534 1500 572 conatus
1533 534 1574 571 et
1607 531 1759 572 exitus.

277 672 339 714 III
381 673 405 715 3
451 677 565 730 (pag.
613 673 806 728 103‚16)
849 675 1049 731 quicquid
1090 674 1333 717 immortale
1376 679 1452 726 est,
1496 679 1605 718 stare
1649 677 1796 726 nescit,

218 744 559 800 sempiternoque
592 750 714 787 motu
748 760 790 787 se
823 750 963 788 servat
996 747 1237 788 aeternitas

278 813 387 857 Cum
430 815 496 856 his
538 816 678 858 verbis
720 817 972 872 interpretes
1006 818 1241 858 omiserunt
1273 831 1521 872 componere
1554 816 1640 860 Cic.
1674 816 1797 859 Tusc.

215 884 233 926 I
252 886 274 940 ξ
294 884 349 926 53
369 889 438 937 (--
453 884 596 928 Somn.
617 885 728 942 Scip.
748 900 836 942 cap.
856 886 901 939 8)
929 887 1048 940 Quod
1066 902 1230 943 semper
1247 891 1458 938 movetur,
1484 891 1702 930 aeternum
1721 890 1797 929 est.

274 1030 337 1072 ΠΙ
370 1031 394 1074 ’7
428 1038 542 1088 (pag.
578 1031 771 1086 10⁷‚26)
814 1048 894 1076 non
938 1034 1114 1077 fortuita
1155 1035 1199 1076 in
1241 1034 1360 1076 vobis
1404 1038 1467 1076 est
1499 1034 1798 1089 germanitatis

214 1116 347 1158 usque
374 1103 425 1145 ad
450 1105 679 1160 imperium
707 1104 958 1156 similitudo,
987 1120 1086 1161 quae
1111 1120 1160 1146 ne
1186 1107 1316 1147 etiam
1338 1103 1614 1148 intervallum
1632 1108 1797 1147 vestrae

212 1175 344 1215 vincit
385 1176 535 1216 aetatis
578 1179 620 1217 et
663 1177 870 1219 seniorem
912 1178 1204 1232 iunioremque
1247 1177 1422 1218 caritate
1464 1179 1616 1217 mutua
1657 1174 1797 1217 reddit

213 1244 419 1300 aequaleS,
464 1250 512 1287 ut
552 1247 639 1288 iam
680 1245 789 1288 illud
821 1246 924 1289 falso
958 1247 1121 1290 dictum
1155 1251 1218 1289 est
1249 1262 1329 1289 non
1363 1246 1564 1289 delectari
1596 1247 1796 1295 societate

210 1329 352 1357 rerum
384 1317 466 1358 nisi
497 1330 618 1372 pares
649 1319 782 1360 annis.

272 1385 488 1429 Sententia
530 1387 722 1444 flagitare
756 1388 949 1431 videtur:
984 1403 1089 1444 quae
1124 1387 1321 1445 <pla>ne
1354 1389 1484 1431 etiam
1515 1386 1794 1430 intervallum

211 1462 374 1499 vestrae
417 1459 551 1500 vincit
594 1460 756 1501 aetatis.
801 1459 1134 1502 Commendatur
1166 1460 1294 1513 plane
1335 1460 1401 1501 his
1443 1458 1649 1513 exemplis
1692 1458 1733 1500 II
1767 1458 1791 1500 9

210 1532 327 1583 (pag.
361 1528 430 1578 96,
450 1528 525 1578 26)
570 1529 642 1571 sed
665 1530 793 1583 plane
823 1534 873 1572 ut
903 1532 1067 1587 gemini
1099 1530 1166 1572 illi
1197 1544 1319 1586 reges
1351 1530 1678 1572 Lacedaemonis
1707 1529 1792 1571 He-

208 1598 385 1641 raclidae
428 1600 734 1656 rempublicam
777 1603 867 1657 pari
909 1606 1020 1644 sorte
1063 1603 1265 1651 teneatis;
1300 1601 1384 1643 XII
1418 1601 1442 1643 6
1476 1605 1590 1657 (pag.
1625 1600 1727 1651 276,
1748 1600 1792 1653 ’7)

209 1673 258 1711 ut
291 1670 418 1723 plane
458 1672 501 1712 in
542 1671 743 1727 ambiguo
784 1674 839 1714 sit
883 1677 1085 1715 utrumne
1129 1677 1170 1715 te
1213 1674 1353 1729 magis
1390 1673 1544 1714 nostris
1577 1671 1791 1714 mentibus

209 1742 346 1782 virtus
388 1755 440 1782 an
473 1742 694 1797 optutibus
727 1741 873 1784 vultus
904 1745 1104 1786 insinuet.
1138 1759 1221 1786 non
1254 1744 1410 1785 frustra
1434 1743 1561 1797 plane
1594 1743 1790 1798 opinione

207 1812 478 1867 sapientium,
508 1814 581 1868 qui
608 1812 870 1856 naturalium
899 1820 1113 1857 momenta
1130 1828 1353 1857 causarum
1371 1812 1572 1855 subtilius
1589 1813 1791 1854 sciscitati

206 1883 366 1924 arcanis
395 1882 645 1925 caelestibus
670 1883 829 1926 nobiles
857 1898 978 1927 curas
1004 1884 1255 1936 intulerunt,
1280 1885 1585 1941 augustissima
1601 1896 1790 1938 quaeque

205 1953 362 2007 species
403 1952 640 2008 plurimum
683 1954 870 1997 creditur
910 1956 1075 1998 trahere
1117 1955 1167 1998 de
1210 1954 1344 2006 caelo;
1391 1953 1500 1996 Plin.
1535 1953 1635 1995 Pan.
1670 1952 1740 2004 26,
1760 1953 1787 1995 2

206 2022 334 2065 donec
357 2023 484 2076 plane
516 2024 671 2066 scirent
703 2028 780 2067 cet.

264 2167 320 2209 IV
356 2168 407 2209 11
452 2172 565 2225 (pag.
614 2169 777 2221 124,5)
825 2170 946 2213 Nunc
993 2170 1103 2227 quod
1150 2173 1195 2212 in
1241 2171 1475 2214 secundum
1522 2169 1786 2224 eundemque

207 2237 477 2296 (privatum)
522 2239 664 2282 locum
708 2241 871 2293 distuli,
911 2242 1269 2298 quemadmodum
1302 2242 1345 2284 id
1378 2243 1467 2284 sine
1499 2245 1676 2296 sumptu
1709 2254 1785 2296 pu-

205 2308 312 2351 blico
344 2313 386 2352 et
417 2324 514 2352 cum
547 2310 671 2353 laude
703 2325 842 2354 sacrae
874 2312 1114 2369 largitionis
1146 2312 1235 2354 fieri
1266 2314 1399 2368 possit
1432 2311 1662 2354 ostendam.

265 2379 311 2421 In
354 2382 547 2436 proxime
589 2382 935 2437 praecedentibus
978 2384 1187 2438 capitibus
1228 2382 1411 2434 (4—10)
1453 2382 1688 2424 Eumenius
1720 2380 1786 2423 de-

204 2454 422 2500 monstrat,
452 2454 599 2506 quanti
625 2452 880 2508 reipublicae
906 2455 1076 2495 intersit
1102 2453 1326 2496 Maeniana
1348 2458 1595 2496 restaurare.
1624 2452 1783 2494 Verum

203 2521 246 2561 in
288 2519 450 2576 reliqua
490 2526 609 2577 parte
652 2524 853 2565 orationis
896 2537 918 2566 a
960 2524 1149 2580 praeside
1191 2525 1431 2580 provinciae
1470 2525 1588 2579 petit,
1621 2528 1671 2566 ut
1702 2524 1783 2566 sibi

201 2590 329 2633 liceat
376 2605 503 2634 suum
549 2592 753 2636 salarium
800 2594 1066 2650 duplicatum
1116 2595 1322 2637 destinare
1369 2597 1420 2636 ad
1467 2597 1780 2638 restitutionem

202 2660 379 2703 illarum
427 2663 682 2706 scholarum.
733 2664 935 2717 Quocirca
976 2666 1177 2721 quadrare
1221 2666 1389 2709 videtur
1431 2665 1780 2722 supplementum

202 2746 360 2776 meum.

260 2873 316 2915 IV
351 2874 404 2916 15
447 2879 562 2931 (pag.
601 2875 792 2929 126,24)
835 2878 921 2932 qui,
964 2877 1075 2933 quod
1117 2879 1262 2921 iubere
1293 2883 1482 2934 possunt,
1516 2879 1688 2922 suadere
1721 2879 1779 2922 di-

197 2948 383 2999 gnantur
423 2949 478 2996 et,
520 2960 617 2988 cum
662 2946 731 2990 vel
773 2949 920 2990 tacitas
952 2962 1098 2991 eorum
1131 2963 1176 2992 ac
1208 2950 1335 2994 vultu
1369 2955 1490 2993 tenus
1521 2949 1778 3006 significatas
