1975 3376
366 787 462 845 AD
501 785 867 846 VELLEIUM
907 782 1403 843 PATERCULUM.

159 1132 178 1174 I
214 1132 283 1183 18,
303 1132 326 1174 1
361 1146 444 1174 una
475 1132 576 1174 urbs
608 1131 750 1173 Attica
781 1130 976 1186 pluribus
1008 1129 1234 1171 auctoribus
1261 1127 1523 1183 eloquentiae
1553 1140 1680 1182 quam

99 1204 296 1245 universa
323 1201 498 1246 Graecia
527 1203 807 1258 operibusque
832 1201 989 1252 floruit,
1018 1199 1120 1242 adeo
1147 1203 1196 1241 ut
1214 1213 1387 1254 corpora
1404 1199 1544 1254 gentis
1561 1197 1681 1239 illius

99 1278 290 1329 separata
321 1275 406 1316 sint
437 1275 480 1314 in
513 1272 616 1315 alias
648 1274 856 1323 civitates,
889 1272 1062 1328 ingenia
1094 1284 1193 1313 vero
1226 1269 1327 1312 solis
1355 1269 1683 1311 Atheniensium

99 1345 233 1385 muris
268 1343 411 1386 clausa
444 1345 675 1386 existimes.

157 1415 395 1456 Auctoribus
438 1414 570 1456 edidit
611 1412 746 1456 Halm
768 1412 811 1466 ¹),
855 1418 898 1456 at
941 1412 1048 1455 Ellis
1089 1413 1247 1467 recepit
1290 1411 1411 1452 omnis
1454 1425 1530 1465 pro
1562 1409 1682 1452 codd.

98 1486 308 1541 scriptura
350 1485 481 1536 anuis,
532 1484 603 1527 sed
646 1489 847 1526 neutrum
889 1483 1052 1540 placuit
1094 1483 1288 1525 Novakio
1308 1480 1354 1534 2),
1400 1482 1473 1537 qui
1513 1479 1685 1534 inyeuiis

98 1556 289 1598 coniecit.
333 1555 542 1611 Equidem
586 1555 774 1597 desidero
808 1554 1062 1609 principibus
1105 1556 1344 1596 commotus
1384 1551 1518 1594 Vellei
1548 1552 1684 1606 ipsius

97 1626 238 1668 verbis
263 1625 321 1679 (II
349 1626 422 1677 22,
442 1626 509 1679 3):
539 1626 601 1668 M.
628 1627 838 1668 Antonius
861 1625 1047 1679 princeps
1074 1625 1261 1666 civitatis
1286 1627 1411 1678 atque
1429 1621 1682 1677 eloquentiae,

97 1695 257 1752 gladiis
297 1695 506 1747 militum,
551 1710 654 1752 quos
696 1698 810 1751 ipsos
852 1695 1048 1737 facundia
1090 1708 1165 1736 sua
1207 1699 1396 1735 moratus
1430 1696 1531 1744 erat,
1565 1694 1685 1734 iussu

100 1766 229 1808 Marii
262 1765 503 1822 Oinnaeque
536 1767 752 1809 confossus
780 1770 857 1808 est.
886 1765 1044 1808 Verum
1072 1766 1202 1807 etiam
1228 1762 1439 1807 Ciceronis
1465 1764 1685 1805 notissima

99 1837 230 1879 verba
262 1837 544 1892 comparanda
578 1841 678 1879 sunt
710 1837 778 1890 (de
811 1836 927 1878 Orat.
961 1836 1001 1878 ΙΙ
1034 1835 1131 1888 94):
1170 1834 1276 1877 Ecce
1308 1834 1388 1875 tibi
1421 1838 1484 1876 est
1516 1837 1684 1875 exortus

97 1908 315 1958 Isocrates,
345 1910 552 1964 magister
579 1893 880 1951 historicorum
908 1909 1114 1957 omnium,
1144 1907 1264 1947 cuius
1293 1919 1314 1947 e
1338 1904 1440 1946 ludo
1463 1908 1685 1959 tamquam

97 1993 148 2021 ex
189 1993 296 2034 equo
342 1978 523 2021 Troiano
571 1980 679 2021 meri
710 1979 913 2033 principes
946 1980 1152 2027 exierunt,
1185 1977 1259 2018 ubi
1291 1976 1453 2017 Piderit
1485 1975 1683 2017 adnotat:

96 2051 217 2099 meri,
251 2048 392 2091 lauter
425 2048 624 2101 ἄρχοντες
655 2064 697 2093 u.
734 2050 946 2099 ἡγεμόνες,
980 2048 1239 2104 Koryphaen
1271 2046 1344 2088 der
1376 2045 1632 2087 Redekunst.

158 2119 272 2161 Fieri
297 2123 439 2162 tamen
468 2124 607 2175 potest
623 2124 672 2162 ut
689 2120 918 2177 legendum
937 2121 1012 2161 sit:
1031 2118 1226 2175 pluribus
1235 2116 1491 2172 principibus
1509 2116 1631 2157 omuie
1652 2113 1684 2167 ³)

98 2189 363 2246 eloquentiae
396 2205 430 2233 e.
451 2205 490 2246 q.
510 2205 542 2233 s.

157 2259 359 2304 Ceterum
387 2263 632 2317 saepissime
660 2261 849 2304 Velleius
872 2263 1010 2303 utitur
1033 2266 1134 2303 v'oce
1145 2259 1348 2313 princepe,
1368 2257 1488 2300 velut
1505 2257 1544 2299 II
1563 2257 1634 2307 36,
1656 2256 1681 2299 3

100 2332 293 2387 princeps
327 2333 587 2383 carminum,·
622 2332 722 2374 ibid.
759 2332 828 2382 53,
848 2332 874 2374 2
907 2333 1099 2387 princeps
1131 2330 1312 2372 Romani
1339 2330 1545 2379 nominis;
1579 2327 1682 2370 ibid.

104 2400 203 2452 127,
224 2400 250 2443 3
281 2402 470 2458 principe
502 2404 708 2458 equestris
740 2403 922 2454 ordinis;
954 2401 1054 2444 ibid.
1091 2400 1144 2442 35
1178 2401 1367 2456 principe
1394 2398 1471 2441 illo
1497 2398 1684 2441 familiae

101 2472 274 2514 Porciae
307 2477 386 2515 cet.

163 2614 206 2678 II
247 2614 318 2666 21,
345 2614 372 2656 4
419 2619 515 2671 post
555 2615 632 2658 hoc
674 2631 772 2659 cum
815 2619 1046 2671 utrumque
1089 2615 1323 2657 exercitum
1366 2612 1487 2655 velut
1529 2627 1682 2669 parum

100 2684 212 2728 bello
244 2685 502 2728 exhaustum
532 2685 734 2729 laceraret
766 2686 1023 2743 pestilentia,
1058 2684 1133 2729 Cn.
1166 2685 1397 2740 Pompeius
1430 2688 1460 2734 †
1491 2683 1682 2726 decessit.

148 2840 179 2879 1)
212 2839 317 2870 Huius
348 2841 472 2870 textum
504 2843 631 2872 secutus
655 2851 736 2879 sum,
762 2841 816 2872 sed
841 2840 977 2872 adhibui
1004 2839 1103 2872 etiam
1127 2838 1311 2877 editionem,
1335 2848 1431 2880 quam
1455 2838 1580 2869 curavit
1603 2837 1686 2869 Ellis

102 2905 246 2936 quaeque
268 2893 391 2936 prodiit
423 2893 555 2926 oxoniis
580 2896 702 2936 (1898).

147 2950 179 2989 2)
204 2949 253 2981 Cf.
278 2948 383 2980 Wien.
408 2948 498 2982 Stud.
523 2949 662 2981 XXVIII
689 2951 799 2991 (1906)
823 2961 897 2993 pag.
923 2950 998 2982 293.

150 3004 180 3043 3)
205 3003 332 3035 Schoell
356 3003 484 3044 (Rhein.
508 3004 594 3036 Mus.
617 3005 695 3036 LIII
722 3006 832 3046 (1898)
855 3016 928 3048 pag.
953 3005 1028 3045 525)
1054 3003 1194 3036 coniecit
1218 3002 1365 3034 alumnis.
