1975 3376
982 210 1038 252 24

285 333 401 375 Haec
445 334 570 375 verba
612 333 825 375 declarant
867 346 914 374 eo
956 332 1062 383 loco,
1095 347 1221 388 quem
1256 335 1500 385 tractamus,
1535 332 1800 376 scribendum

225 417 335 446 esse:
381 404 617 447 Gordianus
660 404 996 445 senatusconsulto
1044 402 1194 447 Caesar
1240 405 1376 446 sactus
1419 419 1454 447 e.
1482 419 1521 461 q.
1552 420 1584 447 s.
1633 404 1802 448 Falsam

225 477 478 531 scripturam
505 476 618 516 seilet
646 479 789 517 natam
817 488 906 517 esse
924 488 975 517 ex
991 474 1238 530 compendio
1257 475 1321 516 Set
1337 489 1459 518 nemo
1477 490 1558 518 non
1575 474 1803 532 intellegit.

286 611 390 652 XXI
432 611 566 662 (Max,
610 614 652 653 et
693 610 831 663 Balb.)
876 610 915 662 5,
938 610 992 652 10
1033 614 1127 666 post
1170 611 1271 653 haec
1315 611 1550 667 praefectus
1583 612 1678 654 urbi
1710 626 1806 667 pru-

226 682 512 733 dentissimus,
545 683 914 738 ingeniosissimus
947 685 988 724 et
1020 683 1315 724 severissimus
1348 681 1604 738 adprobatus
1636 687 1700 725 est
1731 685 1805 733 (sc.

227 752 475 805 Maximus).
520 753 614 808 §11
659 766 786 808 quare
829 752 966 795 veluti
1001 750 1126 808 (ius)
1161 756 1332 794 senatus
1375 754 1427 803 ei,
1471 752 1649 803 homini,
1692 751 1804 808 quod

224 838 307 865 non
349 823 513 875 licebat,
557 837 690 866 novae
732 823 934 872 familiae,
966 825 1196 878 imperium
1228 826 1372 865 tamen
1405 822 1573 874 detulit,
1606 824 1805 866 confessis

226 895 421 936 omnibus
464 909 511 936 eo
555 899 744 950 tempore
780 896 823 936 in
857 898 1006 937 senatu
1040 896 1247 950 aptiorem
1280 908 1364 936 non
1395 908 1496 945 esse,
1531 895 1605 950 qui
1636 894 1808 937 deberet

224 967 425 1021 principis
457 980 612 1008 nomen
644 968 843 1022 accipere.

284 1036 388 1079 Leni
421 1036 628 1079 medicina
660 1041 763 1093 puto
795 1051 864 1079 me
895 1035 1036 1079 locum
1067 1039 1317 1092 corruptum
1350 1049 1530 1078 sanasse.

286 1172 433 1214 XXIII
459 1171 609 1225 (Gall.)
639 1172 707 1223 14,
727 1172 753 1215 8
786 1172 857 1214 ille
884 1174 1020 1229 igitur
1046 1171 1257 1214 militibus
1284 1172 1467 1226 coffitatis
1495 1174 1617 1227 quasi
1644 1175 1807 1214 certum

224 1246 424 1299 processit
440 1244 491 1285 ad
507 1243 716 1299 proelium
733 1248 858 1299 atque
874 1246 935 1286 ita
949 1245 1091 1285 missis
1106 1244 1419 1299 percussoribus
1433 1244 1716 1299 interemptus
1731 1246 1807 1286 est.

285 1314 331 1356 In
372 1315 499 1357 verbo
540 1319 738 1369 corrupto
783 1315 889 1356 duae
922 1314 1006 1356 fere
1039 1314 1207 1355 litterae
1241 1313 1455 1355 abundare
1488 1313 1702 1365 videntur,
1736 1327 1807 1370 ge-

224 1387 405 1427 nuinum
437 1390 580 1427 autem
612 1387 885 1441 participium
918 1385 1040 1427 credo
1074 1385 1202 1426 fuisse
1236 1384 1392 1426 coactis.
1439 1383 1807 1427 Commemoretur

225 1456 365 1499 XXIV
392 1456 527 1512 (Trig.
559 1456 679 1513 Tyr.)
707 1456 777 1507 22,
797 1456 823 1498 4
849 1459 892 1498 in
920 1456 954 1497 P
983 1460 1202 1498 exaratum
1229 1469 1318 1497 esse
1346 1460 1508 1509 coaptas
1535 1470 1609 1512 pro
1638 1461 1805 1498 coaetus.

286 1593 426 1634 XXVI
457 1592 639 1645 (Aurel.)
674 1591 713 1642 ’7,
733 1592 759 1634 8
793 1592 899 1634 alter
931 1591 1054 1634 alteri
1085 1594 1206 1647 quasi
1233 1596 1262 1641 †
1291 1592 1335 1632 in
1363 1605 1486 1634 nemo
1514 1594 1634 1648 quasi
1661 1606 1808 1635 servus

225 1665 494 1719 obsequatur,
541 1677 564 1705 a
595 1663 771 1705 medicis
803 1665 938 1719 gratis
971 1669 1187 1713 curentur,
1221 1662 1519 1717 haruspicibus
1551 1662 1659 1704 nihil
1691 1662 1804 1712 dent,

226 1736 269 1775 in
300 1735 496 1790 hospitiis
529 1738 640 1775 caste
673 1748 715 1776 se
747 1738 889 1789 agant,
923 1734 997 1788 qui
1028 1732 1150 1774 litem
1183 1733 1341 1782 fecerit,
1375 1733 1564 1788 vapulet.

283 1806 336 1846 In
366 1806 700 1861 dittographiam
733 1819 821 1846 esse
853 1803 974 1846 facile
1005 1805 1270 1859 perspicitur,
1304 1808 1398 1845 tum
1426 1808 1599 1860 apparet
1625 1803 1806 1846 alterum

223 1877 337 1932 quasi
369 1875 472 1918 falso
504 1878 721 1918 iteratum.
754 1875 902 1930 Itaque
935 1888 1258 1930 recuperamus:
1294 1874 1401 1917 alter
1431 1874 1553 1917 alteri
1581 1876 1700 1930 quasi
1727 1876 1807 1928 [in]

224 1962 347 1990 nemo
378 1949 534 2003 [quasi]
568 1961 715 1989 servus
748 1947 1003 2001 obsequatur
1034 1960 1068 1988 e.
1088 1959 1127 2000 q.
1146 1960 1177 1988 s,

283 2072 427 2115 XXVI
469 2071 650 2124 (Aurel.)
694 2071 765 2122 44,
787 2072 808 2113 1
858 2071 914 2113 Et
956 2070 1236 2113 Aurelianum
1280 2071 1452 2126 quidem
1496 2070 1625 2112 multi
1668 2085 1805 2126 neque

223 2146 333 2186 inter
366 2145 493 2186 bonos
524 2157 657 2199 neque
687 2144 798 2185 iuter
831 2142 963 2185 malos
995 2144 1205 2198 principes
1237 2145 1412 2198 ponunt,
1444 2141 1599 2184 idcirco
1627 2141 1739 2196 quod
1767 2143 1806 2184 ei

225 2215 461 2265 clementia,
494 2216 801 2270 imperatorum
833 2215 972 2269 prima
1007 2245 1137 2255 .....
1173 2213 1367 2255 defuerit.

285 2286 410 2328 Peter
451 2286 608 2341 recepit
649 2286 731 2335 dos,
776 2288 818 2326 at
858 2283 1136 2326 Kellerbauer
1173 2288 1268 2339 post
1300 2282 1482 2339 desuerit
1515 2283 1632 2325 addit
1663 2283 1803 2334 virtus,

226 2356 421 2412 equidem
454 2356 666 2398 desidero:
700 2357 1005 2410 imperatorum
1037 2355 1175 2410 prima
1207 2354 1307 2396 laus.

285 2488 412 2529 XXX
445 2486 574 2540 (Car.)
609 2487 646 2538 1,
666 2487 692 2528 4
725 2487 822 2543 plus
855 2488 968 2529 enim
998 2488 1175 2529 timetur
1202 2485 1251 2528 de
1279 2487 1450 2528 incertis
1478 2485 1667 2527 moribus
1693 2487 1805 2541 prin-

226 2561 330 2616 cipis
372 2573 500 2614 quam
543 2564 748 2615 speratur,
792 2560 978 2600 maxime
1016 2560 1060 2599 in
1092 2572 1140 2600 ea
1171 2572 1273 2613 rep„
1307 2571 1413 2612 quae
1446 2558 1682 2599 recentibus
1714 2571 1805 2599 con-

226 2631 334 2673 fossa
377 2629 621 2671 vulneribus
663 2629 873 2671 Valeriani
906 2630 1211 2684 captivitatem,
1247 2626 1436 2670 GaIlieni
1469 2627 1699 2678 luxuriam,
1734 2628 1806 2668 tri-

225 2703 346 2757 ginta
386 2703 515 2743 etiam
546 2715 674 2756 prope
706 2705 987 2757 tyrannorum
1022 2697 1199 2755 (cbaos)
1239 2713 1355 2741 caesa
1388 2698 1584 2741 civilium
1612 2698 1803 2740 membra

226 2773 396 2814 sibimet
429 2771 735 2814 vindicantium
767 2784 962 2826 perpessa
993 2771 1235 2812 maeruerit.

286 2842 478 2885 Fortasse
504 2844 647 2898 potius
674 2843 786 2883 chaos
813 2842 970 2884 excidit
996 2846 1091 2883 ante
1118 2857 1229 2896 caesa
1252 2855 1378 2897 quam
1397 2841 1672 2892 conluvionem,
1691 2839 1802 2896 quod

228 2927 249 2955 e
281 2913 472 2955 Richteri
503 2914 742 2955 coniectura
774 2913 900 2955 Peter
930 2912 1112 2967 praebet.
