1975 3376
883 211 939 254 33

124 345 316 374 meorum
357 331 563 374 modestia
605 333 864 389 porrigebat)
907 333 1116 387 perfertur
1156 335 1332 375 nuntius
1373 334 1587 376 consulem
1631 348 1699 376 me

124 405 310 444 creatum
346 403 434 444 sine
464 402 693 458 impendio,
726 402 836 458 quod
866 404 952 444 iam
984 403 1058 445 diu
1088 405 1255 460 paucis;
1288 405 1377 446 sine
1408 403 1561 455 labore,
1590 405 1700 460 quod

123 486 385 528 numquam;
419 474 507 515 sine
540 473 759 528 petitione,
793 472 903 528 quod
935 473 1095 515 nemini
1130 472 1356 531 <edati-qh>
1382 473 1425 527 ¹).

185 542 267 595 Qui
308 541 535 585 contulerit
579 542 662 585 XII
695 542 720 584 3
753 547 868 599 (pag.
902 541 1003 595 273,
1023 543 1120 596 24):
1154 558 1290 586 nonne
1320 546 1357 586 is
1389 545 1582 587 omnium
1615 545 1699 586 suf-

122 612 270 669 fragiis
314 613 536 655 hominum
577 614 775 656 tributim
819 615 1174 670 centuriatimque
1215 614 1443 670 legeretur,
1488 617 1557 658 cui
1598 615 1700 657 felix

122 685 274 739 patria,
317 685 382 726 cui
427 683 578 726 domus
619 683 744 735 clara,
787 685 856 726 cui
898 684 1034 727 forma
1074 685 1230 736 divina,
1274 687 1344 727 cui
1374 688 1488 728 aetas
1518 688 1699 742 integra,

123 755 191 796 cui
222 753 478 796 militarium
504 753 782 809 civiliumque
809 768 948 796 rerum
981 769 1082 797 usus
1108 755 1335 808 contiqisset
1345 754 1375 806 ἱ),
1403 756 1549 812 procul
1575 757 1701 799 dubio

122 825 413 880 comprobabit
453 826 653 876 verbum,
702 825 812 880 quod
852 840 980 881 supra
1020 826 1165 868 adieci.
1209 826 1321 878 Quin
1366 828 1496 869 etiam
1539 827 1604 870 W.
1650 829 1699 870 A.

123 895 334 938 Baehrens
364 897 646 952 investigator
677 894 859 952 diligens
890 896 1181 939 clausularum
1212 898 1256 938 in
1283 890 1559 954 Panegyricis
1577 896 1624 950 2),
1652 902 1702 940 ut

123 968 282 1023 opinor,
325 967 433 1008 mihi
475 968 739 1016 assentietur,
783 981 881 1009 cum
924 969 1031 1009 ratio
1074 982 1168 1010 mea
1213 967 1451 1010 clausulam
1495 969 1701 1024 optimam

123 1038 333 1093 praebeat.

182 1108 231 1150 In
271 1108 351 1150 fine
392 1107 552 1163 periodi
589 1108 716 1150 habes
748 1107 976 1161 edntiqz‘sses
1008 1108 1137 1161 (Plin.
1171 1109 1275 1151 Pan.
1312 1108 1380 1158 14,
1401 1109 1467 1160 1);
1501 1107 1703 1163 co'ntiqz‘sti

122 1178 242 1230 (ibid.
288 1177 444 1230 15‚5);
492 1183 535 1220 at
575 1180 620 1220 in
662 1179 742 1221 fine
784 1179 865 1221 coli
906 1179 1115 1233 edntiyz‘sse
1155 1180 1195 1222 II
1247 1179 1299 1221 13
1334 1183 1448 1236 (pag.
1487 1180 1700 1232 100,22);

124 1249 201 1292 VII
234 1249 288 1290 21
324 1252 438 1305 (pag.
477 1247 670 1301 177,17)
702 1253 780 1292 cet.

182 1393 244 1435 XI
272 1393 324 1435 31
353 1397 470 1450 (pag.
489 1393 590 1446 269,
613 1394 684 1447 13)
710 1394 760 1436 de
780 1395 905 1437 rebus
921 1397 1055 1451 gestis
1073 1397 1159 1437 tuis
1176 1396 1261 1437 sine
1278 1396 1367 1437 odio
1383 1400 1420 1437 et
1432 1396 1571 1449 qratia
1592 1428 1701 1438 .....

122 1464 384 1506 indicabunt.

183 1535 264 1577 Hic
307 1535 593 1578 Mamertinus
632 1537 830 1578 imitatur
872 1536 968 1579 Tac.
1003 1538 1111 1580 Ann.
1146 1537 1164 1579 Ι
1201 1538 1221 1579 1
1257 1551 1390 1594 pauca
1422 1537 1471 1580 de
1503 1539 1702 1594 Augusto

123 1609 165 1648 et
196 1610 386 1649 extrema
418 1606 583 1649 tradere
617 1639 746 1650 .....
780 1608 864 1649 sine
894 1608 957 1649 ira
990 1613 1027 1650 et
1059 1608 1203 1651 studio.

186 1741 268 1784 XII
302 1741 356 1784 19
389 1747 503 1798 (pag.
539 1742 640 1793 288,
660 1743 706 1795 2)
737 1756 788 1784 an
819 1757 901 1784 non
932 1743 1007 1785 illa
1036 1743 1224 1786 Romana
1256 1744 1426 1799 pietatis
1459 1745 1704 1786 notissimae

124 1816 261 1854 mater
292 1815 441 1855 nuntio
473 1813 578 1856 mali
609 1813 838 1857 Cannensis
871 1816 1086 1865 exterrita,
1115 1814 1203 1857 filio
1231 1814 1382 1857 reduce
1410 1829 1537 1870 quem
1565 1815 1702 1865 flebat,

125 1883 305 1939 diriguit
335 1885 380 1925 in
412 1890 595 1926 mortem
627 1899 702 1927 nec
729 1898 804 1940 par
828 1899 916 1927 esse
942 1885 1098 1942 gaudio
1125 1887 1280 1941 potuit,
1308 1899 1414 1941 quae
1441 1886 1705 1942 superfuerat

124 1952 327 1996 orbitati?
1136 1976 1139 1978 ·

182 2025 324 2068 Huius
346 2025 522 2079 ,fabulae
553 2040 688 2082 neque
721 2025 938 2068 Valerium
970 2027 1213 2069 Maximum
1247 2041 1382 2083 neque
1414 2027 1605 2069 Plinium
1637 2027 1704 2068 Li-

123 2098 290 2139 vineius
332 2097 492 2140 fontem
535 2097 671 2139 dicere
708 2099 912 2153 oportuit,
957 2097 1027 2140 sed
1060 2098 1154 2140 Liv.
1188 2098 1314 2139 XXII
1349 2097 1387 2149 7,
1410 2098 1464 2140 13
1497 2112 1626 2140 unam
1659 2099 1703 2139 in

121 2169 213 2222 ipsa
253 2174 375 2223 porta
415 2169 564 2224 sospiti
607 2167 693 2210 filio
735 2172 906 2223 repente
946 2167 1131 2210 oblatam
1173 2170 1217 2210 in
1259 2167 1483 2224 complexu
1515 2170 1605 2211 eius
1637 2182 1706 2211 ex-

123 2239 300 2293 spirasse
347 2238 501 2280 serunt.
551 2238 665 2290 Quae
707 2243 851 2281 tamen
893 2239 1020 2281 verba
1063 2241 1295 2295 respiciunt
1338 2253 1404 2289 ea,
1448 2253 1553 2295 quae
1594 2239 1703 2280 facta

125 2312 224 2350 sunt
270 2313 364 2364 post
410 2323 602 2365 pugnam
649 2309 701 2351 ad
747 2309 890 2352 lacum
932 2309 1271 2352 Trasumennum
1312 2311 1599 2352 commissam.
1646 2310 1705 2351 At

126 2378 292 2420 Plinius
323 2381 484 2422 concise
516 2384 659 2422 narrat
689 2380 742 2423 N.
776 2381 832 2422 H.
867 2380 944 2422 VII
978 2380 1048 2430 53,
1069 2380 1154 2422 180
1186 2380 1334 2433 (Detl.)
1368 2379 1533 2423 Gaudio
1566 2381 1704 2422 obiere

129 2480 257 2491 .....
297 2454 433 2492 mater
463 2450 536 2493 illa
569 2450 775 2495 Cannensi
807 2451 893 2494 filio
923 2451 1128 2494 incolumi
1159 2453 1298 2494 reviso
1328 2455 1472 2494 contra
1502 2453 1703 2494 nuntium

126 2518 281 2561 falsum
313 2534 348 2562 e.
369 2534 408 2576 q.
427 2535 458 2563 s.
1061 2530 1066 2535 ’

186 2664 270 2707 XII
302 2665 358 2707 33
399 2670 512 2722 (pag.
548 2666 742 2719 301,19)
783 2680 890 2722 quae
930 2667 1102 2709 tandem
1145 2672 1190 2708 ut
1230 2667 1390 2708 collatio
1432 2671 1571 2723 posset
1614 2681 1703 2709 esse

125 2735 396 2791 populorum,
438 2738 606 2779 etiamsi
647 2741 765 2780 tanta
809 2752 890 2780 non
924 2742 1032 2780 esset
1065 2737 1367 2781 dissimilitudo
1400 2752 1622 2781 causarum
1655 2742 1704 2780 ut

171 2920 201 2958 1)
228 2917 343 2950 Novak
366 2919 414 2951 l.l.
437 2930 509 2960 pag.
534 2919 574 2950 68
600 2920 726 2951 nullum
751 2919 910 2952 desiderat
933 2919 1203 2962 supplementum.

171 2974 204 3015 2)
227 2974 277 3004 Cf.
301 2973 349 3005 1.l.
372 2984 444 3016 pag.
468 2974 522 3006 61.
