1975 3376
625 620 721 679 AD
764 619 1076 678 SENECAE
1114 619 1478 678 DIALOGOS.

312 973 369 1015 IV
401 973 469 1026 (de
502 975 581 1025 ira)
616 973 655 1024 7,
676 973 701 1015 3
746 974 847 1015 haec
888 977 952 1015 tot
983 973 1107 1015 milia
1139 973 1190 1016 ad
1225 973 1364 1015 forum
1397 974 1534 1029 prima
1565 972 1658 1015 luce
1691 988 1838 1030 prope-

252 1047 436 1086 rantium
481 1058 608 1099 quam
643 1047 788 1100 turpes
821 1044 933 1096 lites,
968 1048 1126 1100 quanto
1162 1045 1373 1100 turpiores
1407 1044 1629 1087 advocatos
1660 1043 1837 1087 habent!

252 1115 361 1157 alius
403 1115 559 1157 iudicia
601 1117 733 1170 patris
778 1120 956 1166 accusat,
989 1129 1097 1170 quae
1131 1117 1269 1158 vereri
1301 1116 1434 1157 satius
1467 1115 1561 1165 fuit,
1595 1114 1705 1158 alius
1737 1130 1835 1158 cum

251 1192 387 1228 matre
431 1187 634 1237 consistit,
678 1185 785 1228 alius
829 1185 989 1228 delator
1029 1188 1146 1229 venit
1189 1187 1280 1228 eius
1313 1187 1518 1236 criminis,
1552 1187 1673 1228 cuius
1705 1187 1839 1229 mani-

251 1259 396 1300 festior
437 1271 533 1299 reus
577 1261 660 1308 est,
704 1261 745 1298 et
786 1256 914 1299 iudex
957 1257 1238 1298 damnaturus
1282 1270 1388 1312 quae
1432 1256 1532 1298 fecit
1575 1256 1753 1313 eligitur
1794 1261 1836 1299 et

250 1342 401 1371 corona
432 1343 507 1384 pro
540 1327 654 1370 mala
686 1341 809 1370 causa
842 1328 949 1369 bona
981 1330 1148 1383 patroni
1179 1341 1279 1370 voce
1312 1331 1510 1383 corrupta
1543 1359 1552 1370 .
1574 1359 1581 1369 .
1601 1360 1610 1369 .

310 1400 357 1441 In
390 1399 470 1441 fine
501 1399 734 1441 sententiae
765 1398 952 1441 desidero
985 1399 1166 1441 verbum
1198 1403 1299 1449 aral,
1329 1398 1441 1454 quod
1468 1397 1719 1454 praecedens
1744 1411 1835 1454 par-

251 1472 448 1527 ticipium
478 1469 650 1513 videtur
681 1470 959 1512 absorbuisse.

309 1617 490 1673 Legitur
521 1615 599 1657 VII
630 1615 699 1668 (de
729 1617 807 1658 vit.
842 1615 971 1666 beat.)
1009 1615 1078 1665 12,
1099 1614 1125 1655 4
1166 1616 1309 1670 itaque
1339 1629 1423 1657 non
1457 1615 1507 1657 ab
1540 1615 1724 1672 Epicuro
1756 1617 1836 1658 im-

249 1687 363 1744 pulsi
405 1687 691 1736 luxuriantur,
735 1686 806 1728 sed
848 1687 968 1729 vitiis
1010 1685 1143 1728 dediti
1174 1685 1391 1728 luxuriam
1423 1700 1544 1728 suam
1575 1688 1619 1728 in
1650 1687 1834 1743 philoso-

250 1759 373 1814 phiae
420 1759 515 1799 sinu
561 1757 820 1799 abscondunt
862 1761 903 1798 et
947 1771 994 1799 eo
1036 1760 1306 1808 concurrunt,
1350 1757 1423 1799 ubi
1461 1757 1635 1800 audiant
1667 1758 1832 1801 laudari

249 1828 527 1884 voluptatem.
556 1853 612 1859 —-
639 1827 743 1870 Mox
776 1832 920 1870 autem
952 1828 1103 1883 incipit
1134 1828 1199 1884 §5
1233 1830 1377 1884 itaque
1410 1828 1521 1884 quod
1547 1843 1683 1871 unum
1710 1829 1834 1872 habe-

249 1899 348 1941 bant
389 1900 433 1940 in
474 1897 598 1940 malis
641 1898 800 1940 bonum
840 1897 1038 1953 perdunt,
1071 1898 1269 1953 peccandi
1300 1899 1624 1942 verecundiam:
1657 1899 1833 1942 laudant

249 1971 363 2011 enim
404 1983 464 2020 ea,
508 1969 661 2025 quibus
703 1969 1017 2020 erubescebant,
1060 1973 1103 2011 et
1133 1971 1239 2012 vitio
1271 1969 1533 2026 gloriantur;
1569 1970 1746 2026 ideoque
1777 1984 1829 2013 ne

246 2053 465 2095 resurgere
499 2040 670 2095 quidem
695 2040 988 2081 adulescentiae
1012 2039 1125 2090 licet,
1154 2054 1251 2082 cum
1278 2041 1478 2083 honestus
1504 2043 1619 2097 turpi
1646 2041 1828 2084 desidiae

245 2110 399 2152 titulus
430 2112 618 2153 accessit.

307 2181 520 2238 Descripsi
562 2185 726 2237 partem
767 2181 1021 2238 paragraphi
1054 2185 1227 2236 quartae
1259 2186 1307 2224 ut
1338 2182 1663 2239 intellegeretur
1693 2185 1738 2225 in
1769 2182 1830 2226 lo-

249 2266 347 2294 cum
387 2256 635 2308 corruptum
676 2254 715 2308 (§
734 2252 777 2305 5)
820 2252 1047 2307 quadrare:
1091 2253 1334 2294 adulescenti
1369 2251 1701 2309 <peculanti>aa
1744 2254 1828 2297 Hic

249 2337 628 2365 commemoremus
659 2323 770 2365 infra
800 2322 863 2364 IX
893 2322 962 2375 (de
994 2326 1128 2378 tranq.
1162 2326 1247 2376 an.)
1281 2323 1319 2374 5,
1341 2323 1365 2365 3
1397 2323 1591 2380 Lipsium
1619 2324 1827 2368 addidisse

240 2395 520 2447 petulantiam.
563 2393 750 2436 Verbum
793 2393 1046 2435 adulescendi
1077 2407 1201 2435 sensu
1234 2395 1433 2435 crescendi
1462 2396 1549 2436 iam
1582 2393 1727 2438 Cicero
1759 2395 1828 2438 ad—

248 2464 378 2515 hibet,
427 2464 547 2507 velut
587 2464 649 2506 De
689 2464 805 2506 finib.
839 2463 873 2505 V
905 2463 1006 2518 §55
1050 2477 1181 2519 eaque
1222 2464 1432 2520 cupiditas
1476 2464 1631 2521 agendi
1662 2464 1825 2522 aliquid

248 2535 441 2576 aduleseil
473 2547 556 2577 una
587 2548 685 2576 cum
716 2534 939 2577 aetatibus.

308 2670 385 2713 VII
417 2670 484 2723 (de
516 2672 595 2713 vit.
627 2671 757 2723 beat.)
788 2670 859 2722 25,
878 2670 905 2713 2
938 2673 1059 2713 muta
1089 2669 1281 2726 stragula
1312 2684 1429 2713 mea:
1463 2670 1595 2714 nihilo
1627 2672 1825 2714 miserius

247 2756 331 2792 ero,
374 2743 410 2784 si
446 2741 556 2784 lassa
586 2743 728 2784 cervix
760 2755 854 2783 mea
883 2742 925 2782 in
960 2740 1172 2783 maniculo
1205 2742 1313 2783 faeni
1346 2741 1597 2797 adquiescet,
1631 2744 1667 2784 si
1698 2756 1824 2799 super

248 2811 440 2856 Circense
472 2816 712 2854 tomentum
744 2826 817 2867 per
848 2815 1032 2854 sarturas
1064 2813 1216 2855 veteris
1248 2811 1370 2854 lintei
1402 2812 1574 2855 effluens
1605 2813 1822 2856 incubabo.

248 2883 350 2938 quid
382 2897 482 2940 ergo
515 2881 605 2925 est?
647 2881 773 2933 malo,
807 2881 908 2938 quid
939 2882 1046 2924 mihi
1078 2883 1210 2924 animi
1240 2884 1309 2934 sit,
1342 2883 1559 2926 ostendere
1591 2886 1825 2940 praetexta-

247 2958 317 2996 tus
348 2957 390 2996 et
421 2958 451 3004 †
482 2957 665 2995 causatus
697 2967 824 3009 quam
853 2952 978 2996 nudis
1009 2952 1190 3009 scapulis
1222 2956 1296 2996 aut
1325 2953 1525 2996 sententis,
