1975 3376
426 672 522 730 AD
564 673 876 731 SENECAE
916 671 1488 731 CONTROVERSIAS
1528 673 1612 730 ET

795 764 1183 823 SUASORIAS
1205 761 1258 823 1).
1504 792 1506 795 v

294 1106 435 1150 Contr.
470 1108 488 1150 I
523 1108 563 1159 3,
585 1109 606 1150 1
653 1109 746 1151 Hoc
778 1111 1064 1165 exspectastis,
1101 1113 1148 1151 ut
1180 1110 1316 1166 capite
1349 1110 1530 1153 demisso
1564 1110 1816 1153 verecundia

232 1192 273 1220 se
316 1180 420 1234 ipsa,
463 1184 688 1235 antequam
719 1179 1026 1235 impelleretur,
1060 1178 1268 1222 deiceret?
1298 1180 1343 1222 id
1377 1178 1625 1236 (videlieet)
1660 1180 1814 1232 deerat,

230 1255 279 1290 ut
319 1249 547 1291 modestior
587 1252 631 1291 in
674 1264 772 1292 saxo
815 1256 924 1293 esset
967 1265 1094 1306 quam
1137 1253 1183 1292 in
1224 1253 1402 1294 sacrario
1435 1251 1588 1294 fuerat.
1621 1253 1814 1294 constitit

232 1324 272 1361 et
306 1319 567 1362 circumlatis
599 1323 641 1362 in
674 1322 956 1377 frequentiam
988 1321 1120 1364 oculis
1147 1323 1466 1365 sanctissimum
1494 1337 1664 1373 numen,
1694 1324 1815 1378 quasi

230 1404 382 1445 parum
414 1390 613 1433 violasset
643 1394 755 1434 inter
781 1392 930 1435 altaria
948 1392 995 1444 2),
1025 1394 1163 1447 coepit
1188 1394 1233 1434 in
1260 1394 1365 1448 ipso,
1395 1408 1477 1449 quo
1506 1394 1813 1445 vindicabatur,

229 1460 389 1503 violare
421 1461 652 1517 supplicio:
690 1463 765 1505 hoc
799 1463 985 1506 alterum
1018 1463 1241 1506 damnatae
1273 1466 1481 1506 incestum
1515 1465 1611 1507 fuit.

290 1532 453 1575 Inserui
494 1534 691 1585 videlieet,
736 1534 848 1590 quod
891 1534 1004 1576 color
1046 1536 1231 1577 ironicus
1265 1537 1498 1578 sententiae
1530 1535 1722 1592 flagitare
1754 1536 1815 1578 vi-

232 1603 355 1644 detur
398 1603 590 1659 quodque
637 1605 812 1647 fortasse
858 1607 1066 1661 scriptum
1098 1606 1180 1648 vid.
1214 1610 1307 1661 post
1339 1607 1384 1647 id
1414 1606 1535 1648 facile
1566 1606 1815 1649 intercidere

231 1676 386 1729 potuit.
429 1676 538 1730 Apte
580 1675 811 1718 contuleris
846 1675 988 1719 Contr.
1023 1676 1063 1718 II
1099 1676 1137 1727 l,
1159 1677 1180 1718 l
1217 1676 1408 1719 Hancine
1440 1691 1581 1719 meam
1615 1691 1703 1720 esse
1736 1677 1816 1720 for-

232 1743 408 1787 tunam?
447 1746 594 1788 eodem
626 1751 816 1802 tempore
851 1752 890 1789 et
923 1747 1091 1790 abdicor
1124 1752 1165 1789 et
1198 1748 1387 1804 adoptor.
1420 1750 1502 1790 ista
1534 1749 1718 1789 videlieet
1749 1748 1817 1791 do-

234 1830 329 1857 mus
361 1816 672 1859 adulescentem
706 1832 774 1860 me
806 1832 890 1860 non
922 1819 1055 1874 capit;
1090 1818 1195 1860 Ibid.
1228 1818 1292 1860 IX
1328 1819 1366 1869 1,
1387 1818 1411 1860 6
1445 1819 1496 1861 ob
1528 1820 1606 1862 hoc
1632 1819 1817 1861 videlicet

231 1888 388 1943 ipsum,
431 1892 480 1929 ut
520 1890 761 1930 innocentia
803 1891 907 1939 eius,
953 1903 1059 1945 quae
1102 1889 1261 1944 alioqui
1301 1889 1431 1932 latere
1473 1894 1681 1946 potuerat,
1724 1892 1816 1946 ipsa

233 1958 501 2001 damnatione
533 1959 846 2010 ostenderetur;
880 1959 999 2001 Suas.
1035 1958 1074 2010 ’7,
1093 1959 1119 2001 8
1148 1960 1338 2002 aufertur
1371 1958 1562 2003 Ciceroni
1592 1962 1815 2016 ingenium

233 2029 321 2070 sine
365 2031 475 2081 vita3
519 2031 833 2085 promittuntur
866 2044 940 2085 pro
974 2028 1186 2072 oblivione
1220 2032 1404 2072 nominis
1437 2032 1502 2072 tui
1533 2032 1658 2087 pauci
1689 2032 1817 2074 servi-

232 2100 337 2141 tutis
377 2101 488 2150 anni,
531 2115 611 2142 non
654 2100 729 2142 ille
773 2106 813 2143 te
857 2103 1003 2143 vivere
1043 2100 1155 2150 vult,
1199 2101 1270 2143 sed
1313 2101 1447 2144 facere
1481 2106 1523 2143 te
1553 2103 1719 2158 ingenii
1751 2103 1817 2144 tui

232 2172 528 2225 superstitem:
572 2171 807 2223 videlieet&
850 2170 995 2214 Cicero
1037 2171 1183 2213 audiat
1225 2171 1449 2227 Lepidum,
1493 2171 1638 2215 Cicero
1671 2172 1816 2215 audiat

233 2241 481 2292 Antonium,
525 2256 647 2284 nemo
691 2240 957 2293 Ciceronem
1003 2240 1145 2285 Contr.
1180 2241 1258 2284 VII
1293 2241 1402 2294 7323
1446 2242 1552 2285 Ibid.
1595 2243 1637 2285 X
1678 2243 1813 2286 Praef.

235 2312 257 2366 ξ
287 2311 311 2353 6
346 2317 424 2353 cet.

294 2443 374 2486 Ter
414 2445 639 2487 verborum
677 2445 881 2495 ordinem,
925 2459 1052 2500 quem
1083 2444 1269 2487 Mueller
1299 2445 1520 2501 amplexus
1553 2449 1628 2497 est,
1661 2448 1816 2489 immu-

233 2516 414 2556 taverim
441 2529 591 2570 nempe
619 2514 760 2558 Contr.
789 2515 828 2557 II
860 2516 899 2565 1,
918 2515 944 2558 8
973 2521 1160 2558 sescenta
1187 2520 1400 2571 praetereo
1426 2516 1508 2558 alia
1525 2519 1815 2560 corruentium

232 2587 343 2627 inter
384 2585 555 2627 divitias
597 2600 693 2628 suas
735 2586 952 2642 exempla:
998 2601 1079 2629 non
1120 2587 1268 2637 refero,
1302 2588 1497 2642 quotiens
1527 2589 1572 2629 in
1602 2589 1656 2630 iis
1686 2589 1814 2631 istam

278 2739 308 2778 1)
338 2738 473 2769 Tcxtum
506 2738 579 2769 dedi
611 2738 784 2769 seeundum
820 2738 1003 2776 editionem,
1037 2748 1134 2779 quam
1159 2738 1285 2770 curavit
1309 2737 1350 2769 H.
1375 2738 1400 2770 I.
1427 2738 1565 2770 Mueller
1593 2738 1814 2780 (Vindobonae

231 2793 266 2826 F.
291 2793 450 2835 Tempsky
477 2793 587 2833 1888).

276 2848 307 2887 2)
331 2848 451 2890 Sequor
475 2847 657 2878 Novakium
681 2847 852 2879 lectionem
876 2847 998 2879 altaria
1022 2852 1150 2879 strenuo
1175 2848 1399 2880 defendentem
1423 2849 1456 2880 in
1479 2848 1602 2887 Diario,
1627 2848 1678 2880 cui
1697 2848 1815 2881 titulus

232 2908 279 2934 est
309 2903 428 2933 Wiener
451 2903 583 2933 Studien
608 2902 719 2942 (1908.
744 2903 803 2934 Bd.
829 2903 914 2934 XXX
940 2913 992 2944 pg.
1018 2903 1214 2942 115-116).

280 2956 311 2997 3)
336 2956 468 2988 Codices
495 2957 664 2988 exhibent:
690 2957 761 2988 vide
783 2960 827 2990 ut.
