1975 3376
477 722 572 780 AD
614 720 924 780 SENECAE
962 720 1426 780 TRAGOEDIAS.

213 1075 339 1119 Herc.
374 1076 494 1131 [fur.]
528 1076 617 1120 350

335 1147 447 1203 quod
477 1149 512 1189 si
543 1149 771 1204 impotenti
806 1149 998 1204 pertinax
1031 1149 1172 1190 animo
1207 1148 1376 1201 abnuet,

336 1222 421 1259 stat
452 1217 597 1260 tollere
632 1232 803 1260 omnem
834 1220 1004 1274 penitus
1037 1217 1294 1260 Herculeam
1327 1218 1516 1259 domum.

334 1288 497 1331 invidia
527 1289 689 1331 factum
722 1303 767 1331 ac
801 1304 939 1332 sermo
972 1289 1189 1346 popularis
1220 1287 1412 1345 premet?

336 1372 401 1401 ars
432 1360 571 1415 prima
603 1360 724 1416 regni
757 1364 819 1402 est
851 1374 970 1416 posse
1004 1365 1034 1411 †
1066 1360 1275 1402 invidiam
1310 1361 1396 1416 pati
1418 1360 1460 1412 ¹).

153 1429 346 1472 Metrum
377 1431 421 1471 in
453 1431 671 1486 integrum
705 1432 919 1482 restitues,
952 1433 988 1473 si
1021 1433 1249 1474 correxeris

333 1514 399 1543 ars
430 1502 568 1557 prima
599 1503 722 1558 regni
754 1506 817 1544 est
849 1516 970 1557 posse
1005 1499 1105 1560 <et>
1139 1501 1348 1544 invidiam
1380 1502 1483 1557 pati.

152 1569 350 1614 Conferre
393 1586 621 1628 possumus
654 1572 783 1615 Herc.
818 1572 938 1627 [fun]
974 1572 1056 1615 791
1094 1574 1250 1615 sentire
1284 1577 1321 1613 et
1352 1573 1524 1614 umbras
1556 1571 1733 1623 solitus3

151 1641 301 1684 Troad.
335 1641 422 1684 242
455 1642 686 1698 didicitque
719 1640 910 1685 Achilles
937 1647 974 1684 et
1002 1642 1076 1685 dea
1103 1646 1222 1685 natos
1249 1644 1379 1694 mori;
1409 1642 1627 1685 Phoeniss.
1648 1642 1733 1684 549

153 1713 317 1755 facinus
350 1713 462 1768 quod
494 1727 656 1756 novum
690 1718 727 1754 et
759 1713 914 1755 Thebis
946 1714 1043 1755 fuit.
1393 1700 1399 1710 ⁸

213 1783 296 1825 Hic
338 1783 563 1826 dicendum
607 1789 669 1826 est
701 1784 1052 1835 Koetschavium,
1088 1798 1214 1839 quem
1248 1784 1420 1826 Richter
1451 1787 1620 1826 secutus
1656 1787 1732 1834 est,

149 1853 302 1896 iisdem
333 1853 492 1896 litteris
525 1855 701 1896 adiectis
734 1855 901 1896 hiatum
934 1854 1158 1896 sustulisse
1189 1853 1337 1896 Troad.
1372 1854 1458 1896 303

333 1939 485 1980 regum
519 1922 719 1981 tyranne!
756 1922 1002 1980 <et>iamne
1033 1925 1301 1968 flammatum
1333 1926 1446 1981 geris
1478 1939 1511 1967 e.
1531 1939 1569 1981 q.
1589 1939 1620 1967 s.

152 1994 246 2051 Ipse
279 1994 382 2037 olim
414 1996 563 2051 scripsi
595 1995 799 2038 Prudent.
833 1995 988 2039 Contra
1018 1995 1263 2051 Symmach.
1296 1995 1315 2037 I
1346 1994 1430 2037 395

333 2065 549 2108 Incassum
581 2080 759 2123 arguere
794 2063 894 2122 <et>
927 2068 1013 2109 iam
1045 2066 1224 2109 Taurica
1256 2080 1370 2109 sacra
1401 2065 1586 2109 solemus
1605 2065 1651 2120 ²).

212 2211 338 2254 Herc.
373 2212 495 2266 [fur.]
533 2211 647 2255 1308

330 2286 404 2324 aut
435 2283 549 2325 vivis
581 2286 656 2325 ant
688 2283 842 2325 occidis
877 2308 931 2315 --
965 2283 1071 2325 hanc
1105 2284 1291 2325 animam
1324 2282 1465 2326 levem

331 2353 568 2408 fessamque
601 2355 714 2397 senio
746 2368 820 2396 nec
852 2356 995 2396 minus
1027 2355 1180 2396 fessam
1213 2354 1337 2396 malis

328 2425 373 2465 in
405 2437 475 2466 ore
507 2425 644 2479 primo
678 2428 812 2467 teneo.
847 2429 932 2467 tam
966 2424 1083 2481 tarde
1115 2426 1227 2481 patri

329 2494 465 2536 vitam
498 2494 570 2536 dat
601 2494 784 2550 aliquis?
816 2509 899 2537 non
931 2495 1064 2537 feram
1096 2494 1278 2537 ulterius
1309 2510 1487 2546 moram,

329 2568 360 2614 †
391 2564 511 2606 letale
543 2565 651 2608 ferro
684 2569 830 2621 pectus
861 2567 1068 2621 impresso
1099 2565 1288 2608 induam.

151 2634 293 2677 Huius
325 2633 478 2718 ultimi!
503 2649 651 2677 versus
684 2639 787 2692 puto
820 2637 1067 2692 primariam
1099 2638 1352 2692 scripturam
1385 2637 1539 2680 fuisse:

479 2694 543 2719 etati

324 2730 448 2772 senile
478 2731 587 2774 ferro
620 2735 766 2787 pectus
797 2733 1002 2789 impresso
1034 2732 1225 2775 induam.

191 2884 221 2923 1)
245 2883 382 2915 Textum
404 2882 476 2914 dedi
500 2883 673 2915 secundum
701 2883 875 2915 editionem
898 2883 1211 2923 Weidmannianam,
1236 2896 1331 2927 quam
1357 2885 1482 2918 curavit
1505 2886 1541 2919 F.
1564 2886 1638 2920 Len.

192 2938 224 2978 2)
247 2938 294 2971 Cf.
320 2938 398 2970 Rev.
422 2938 460 2970 de
483 2937 604 2970 l'Instr.
629 2938 720 2980 publ.
744 2949 782 2970 en
807 2939 898 2981 Belg.
925 2939 993 2972 Vol.
1018 2940 1058 2971 52
1084 2940 1195 2980 (1909)
1218 2951 1292 2983 pag.
1317 2941 1458 2973 25—26.

1530 3007 1547 3038 1
