1975 3376
875 229 930 271 31

113 351 232 394 velut
263 354 327 393 ter
357 352 401 393 in
435 352 570 407 capite
602 352 793 406 proxime
826 351 1090 406 praecedenti
1122 355 1237 407 (pag.
1269 350 1355 393 188
1382 365 1445 393 va.
1474 351 1690 403 22—24);

113 436 262 465 verum
305 424 448 464 minus
491 422 729 477 frequenter
771 423 953 464 occurrit
983 421 1090 472 olim,
1125 421 1238 477 quod
1270 421 1482 464 Baehrens
1515 421 1690 464 addidit.

113 492 224 535 Satis
263 493 394 535 habeo
436 493 669 535 exscribere
713 491 775 534 IX
810 491 864 533 16
907 496 1021 548 (pag.
1055 491 1156 543 205,
1176 492 1250 544 24)
1292 495 1341 534 ut
1380 495 1429 534 tu
1470 494 1556 534 iam
1599 492 1690 533 olim

113 567 376 619 exspectatus
407 563 619 606 habitator
650 564 776 605 sacris
807 562 893 604 illis
925 562 1098 605 aedibus
1129 563 1200 604 diu
1227 562 1403 605 exalatis
1431 564 1692 619 expiatisque

113 633 367 676 succederes.

172 780 236 822 IX
272 780 325 822 12
358 785 472 836 (pag.
506 779 606 831 202,
626 779 672 833 2)
713 793 897 836 magnus
928 783 1064 836 poeta,
1099 780 1201 822 dum
1233 780 1442 824 bellorum
1474 784 1562 822 toto
1594 781 1692 823 orbe

112 852 382 907 surgentium
427 850 665 892 discursum
703 855 1037 906 apparatumque
1070 851 1269 893 describit
1304 856 1374 901 „et
1405 851 1603 902 curvae’',
1633 853 1693 893 in-

111 923 218 977 quit,
254 921 472 977 „rigidum
504 920 630 963 falces
662 920 896 963 conflantur
925 922 969 963 in
997 922 1182 964 ensem’'.
1211 923 1332 964 triste
1357 923 1563 964 nimirum
1590 926 1694 964 tem-

111 1006 191 1047 pus
231 991 354 1042 illud,
388 1005 486 1033 cum
517 992 802 1033 instrumenta
834 992 895 1032 tui
926 991 1138 1047 pecudum
1170 996 1417 1048 praeparata
1447 994 1491 1034 in
1524 992 1692 1034 caedem

112 1062 337 1104 hominum
369 1066 648 1104 verterentur.

173 1133 256 1176 Pro
298 1134 370 1183 tui,
405 1132 515 1188 quod
548 1136 612 1175 est
642 1134 687 1174 in
718 1132 778 1182 M,
815 1136 978 1175 veteres
1012 1133 1192 1176 editores
1226 1137 1505 1176 correctorem
1539 1134 1694 1176 codicis

113 1203 163 1245 W
209 1205 342 1245 secuti
384 1207 632 1259 receperunt
675 1204 815 1254 cultui,
859 1218 972 1246 unus
1015 1204 1227 1246 Baehrens
1261 1204 1432 1246 exhibet
1464 1205 1568 1247 usui.
1602 1204 1694 1247 Iam

112 1288 212 1316 vero
244 1273 382 1316 multo
413 1275 571 1316 rectius
603 1275 781 1316 coniecit
812 1273 920 1316 Axel
953 1273 1110 1316 Nelson
1133 1273 1164 1325 ¹)
1195 1275 1339 1326 victu&
1375 1276 1506 1316 etiam
1537 1274 1694 1317 leniore

112 1344 320 1386 medicina
358 1344 546 1386 adhibita
587 1357 761 1386 revoco:
804 1346 1090 1386 instrumenta
1125 1341 1315 1400 (notui.
1358 1343 1421 1387 Of.
1456 1345 1642 1387 Macrob.
1675 1344 1695 1386 I

113 1414 260 1465 20,18
302 1415 399 1457 hinc
442 1418 505 1456 est
546 1415 657 1470 quod
699 1417 956 1457 continuatis
998 1415 1199 1457 uberibus
1243 1430 1395 1471 corpus
1438 1415 1537 1457 deae
1570 1430 1694 1457 omne

113 1485 322 1537 densetur,
366 1487 465 1541 quia
505 1484 576 1527 vel
612 1490 747 1528 terrae
780 1485 850 1527 vel
881 1500 1024 1528 rerum
1058 1491 1233 1528 naturae
1266 1486 1353 1527 altu
1383 1488 1572 1528 nutritur
1603 1487 1694 1527 uni-

114 1558 307 1599 versitas.

174 1692 237 1734 IX
272 1691 324 1735 17
358 1696 472 1748 (pag.
508 1691 608 1744 206,
628 1692 671 1744 2)
704 1691 861 1743 locum,
895 1707 1021 1748 quem
1048 1707 1216 1749 pugnae
1245 1697 1525 1749 sumpserant,
1555 1696 1695 1736 texere

114 1764 369 1819 corporibus.

175 1834 430 1889 Interpretes
472 1834 587 1890 fugit
627 1835 696 1876 hic
738 1836 894 1876 oratori
927 1837 1023 1876 ante
1057 1834 1199 1876 oculos
1231 1835 1452 1877 obversata
1485 1849 1573 1877 esse
1605 1835 1695 1878 Sal-

112 1904 234 1946 lustii
274 1905 401 1947 verba
443 1904 566 1957 (Bell.
613 1903 704 1948 Cat.
751 1905 820 1956 61,
841 1905 886 1956 2)
928 1919 1054 1960 quem
1099 1907 1276 1960 quisque
1308 1907 1435 1947 vivus
1467 1907 1695 1961 pugnando

110 1975 250 2018 locum
285 1979 465 2031 ceperat,
499 1989 598 2018 eum
632 1977 788 2018 amissa
820 1977 960 2018 anima
993 1990 1163 2031 corpore
1197 1977 1380 2032 tegebat.

172 2123 214 2165 X
247 2121 304 2164 30
336 2126 451 2178 (pag.
486 2121 588 2173 236,
610 2122 683 2173 16)
716 2136 738 2164 o
773 2123 809 2163 si
841 2136 951 2163 nunc
984 2122 1092 2164 mihi
1123 2121 1302 2165 facultas
1337 2123 1508 2165 daretur
1539 2137 1696 2166 sermo-

111 2196 176 2236 nis
211 2208 286 2249 pro
322 2190 491 2248 (modo)
524 2207 667 2235 rerum
700 2190 934 2249 figurandi!
970 2192 1214 2235 adhiberem
1249 2208 1394 2236 omnes
1427 2193 1621 2237 flosculos
1654 2199 1697 2238 et

113 2265 308 2306 abuterer
340 2265 550 2320 exquisito
583 2263 765 2319 quodam
798 2262 940 2318 lepore
972 2276 1018 2304 ac
1051 2268 1273 2306 venustate
1306 2264 1486 2306 dicendi.

175 2334 330 2377 Vocem
372 2349 395 2377 a
435 2349 503 2376 me
545 2334 733 2376 additam
775 2338 817 2376 et
861 2333 1108 2376 Baehrensii
1141 2334 1453 2390 supplemento,
1489 2336 1601 2391 quod
1634 2339 1697 2379 est

107 2407 295 2460 pondere,
338 2409 380 2447 et
422 2410 672 2455 ceterorum,
715 2404 826 2460 quod
868 2408 931 2446 est
964 2404 1160 2459 diym‘tate
1177 2403 1209 2458 2)
1242 2406 1575 2462 anteponendam
1609 2421 1697 2449 esse

116 2476 254 2518 elucet
280 2489 330 2517 ex
356 2475 420 2517 XI
449 2475 502 2517 14
530 2479 644 2532 (pag.
664 2474 765 2526 255,
783 2475 858 2527 20)
885 2477 1029 2530 itaque
1056 2475 1347 2536 grandaevum
1364 2477 1450 2518 iam
1467 2478 1698 2533 imperium

116 2547 331 2589 videbitur
361 2546 442 2597 his,
472 2548 546 2601 qui
572 2561 655 2588 non
682 2547 844 2588 ratione
872 2545 1038 2587 dierum
1065 2551 1139 2588 aut
1167 2549 1393 2599 mensium,
1424 2547 1494 2589 sed
1521 2562 1696 2603 operum

117 2617 397 2659 multitudine
430 2621 471 2658 et
498 2616 738 2659 effectarum
768 2631 896 2657 rerum
921 2617 1030 2657 modo
1057 2615 1212 2658 Iuliani
1236 2621 1428 2672 tempora
1451 2619 1694 2661 metientur.

115 2688 181 2730 Ex
223 2687 394 2730 Nazarii
435 2688 700 2744 Panegyrico
733 2687 958 2729 afferantur
989 2687 1031 2729 X
1062 2686 1119 2729 23
1151 2691 1267 2744 (pag.
1303 2687 1499 2741 230,11)
1532 2692 1695 2731 certum

165 2873 196 2912 1)
220 2871 268 2903 Cf.
293 2871 390 2903 Eran.
415 2870 494 2902 VIII
516 2881 588 2912 pag.
614 2871 687 2903 161.

164 2928 196 2967 2)
229 2927 378 2959 Ceterum
410 2925 472 2957 duo
504 2926 563 2957 illa
594 2927 691 2958 verba
723 2937 899 2968 synonyma
923 2937 990 2957 esse
1015 2925 1158 2957 declarat
1182 2924 1261 2956 VIII
1285 2926 1306 2955 4
1333 2927 1418 2966 (pag.
1442 2925 1517 2964 182,
1530 2925 1583 2965 25)
1606 2926 1698 2958 bonis

119 2984 203 3017 enim
228 2981 350 3014 meritis
375 2992 447 3013 cum
476 2984 582 3012 aetate
605 2980 747 3022 diqnitas
772 2984 802 3012 et
822 2980 948 3022 pondus
972 2979 1104 3011 accedit.
