1975 3376
1006 190 1034 233 2

226 317 373 373 Itaque
404 314 637 359 verisimile
670 317 732 357 est
761 314 997 370 genuinam
1028 325 1176 355 vocem
1207 311 1331 353 senile
1362 310 1534 366 pulsam
1566 323 1654 352 esse
1679 310 1806 351 inter-

226 390 490 443 pretamento
531 385 658 435 letali,
703 385 780 427 hoc
821 387 966 425 autem
1008 397 1109 425 mox
1142 385 1360 424 mutatum
1392 383 1436 423 in
1469 380 1605 430 letale,
1636 393 1688 421 ne
1722 392 1808 420 me-

227 462 342 500 trum
374 457 629 499 turbaretur.
663 454 937 498 Coniecturae
969 467 1085 496 meae
1117 453 1234 495 favet
1265 452 1390 494 Herc.
1424 450 1555 506 [Oet]
1590 449 1703 492 1857

406 527 589 583 agedum
620 526 746 567 senile
769 530 922 579 pectus,
955 539 978 566 o
1010 525 1187 566 miserae
1220 537 1384 573 manue,

406 597 585 653 pulsate.

224 667 533 724 Compar-entur
565 668 695 709 etiam
727 666 773 708 hi
804 679 952 709 versus
984 665 1133 708 Troad.
1168 664 1224 707 50

405 739 515 781 ensis
546 737 666 779 senili
698 738 833 779 siccus
865 750 886 778 e
918 735 1070 792 iugulo
1101 735 1225 786 redit,

225 815 266 855 et
299 810 399 854 Oed.
435 808 521 853 788

404 882 607 924 Animam
638 879 798 921 senilem
818 878 849 931 ¹)
882 877 1026 920 mollis
1059 876 1241 920 exsolvit
1274 891 1411 932 sopor.

285 1028 502 1071 Phoeniss.
537 1026 622 1068 454
1075 1025 1119 1066 in
1152 1027 1293 1066 vestra
1324 1036 1455 1065 manu
1487 1023 1564 1072 eet,

406 1102 553 1140 utrum
586 1096 750 1139 velitis:
786 1099 929 1139 sancta
961 1097 996 1137 si
1027 1096 1162 1151 pietas
1193 1093 1344 1150 placet,

406 1174 436 1219 †
469 1168 618 1211 donate
651 1169 779 1210 matri
801 1182 967 1221 pamm
1002 1167 1037 1207 si
1069 1165 1229 1221 placuit
1261 1164 1409 1215 scelus,

399 1242 536 1282 maius
568 1243 764 1295 paratum
799 1242 883 1280 est:
918 1236 1058 1279 media
1091 1251 1133 1279 se
1167 1237 1341 1292 opponit
1373 1247 1534 1290 parens.

218 1312 319 1354 Voci
339 1327 488 1366 pacem,
518 1325 624 1366 quae
651 1310 881 1352 sententiae
909 1309 1161 1350 conveniens
1179 1310 1364 1349 metrum
1382 1310 1522 1347 tamen
1541 1302 1800 1360 pessumdat,

219 1384 430 1425 substituo
461 1382 636 1435 placida.
670 1380 806 1433 Quam
838 1379 1063 1422 lectionem
1095 1382 1145 1420 ut
1175 1382 1297 1420 tuear
1329 1377 1518 1419 exscribo
1545 1375 1685 1426 verba,
1715 1375 1804 1430 qui-

219 1454 296 1496 bus
328 1453 449 1495 Iason
482 1452 678 1494 Medeam
711 1450 944 1506 alloquitur
976 1449 1108 1502 (Med.
1144 1447 1250 1502 537)

996 1520 1105 1563 Sana
1137 1519 1334 1562 meditari
1363 1519 1502 1574 incipe

401 1597 443 1636 et
465 1593 636 1647 placida
668 1593 768 1635 fare.

220 1664 419 1709 Ceterum
445 1664 656 1707 locutione
667 1678 804 1718 pacem
821 1664 916 1704 dare
932 1663 1071 1704 utitur
1087 1665 1232 1704 auctor
1250 1660 1448 1703 Octaviae
1466 1673 1527 1701 vs.
1548 1655 1799 1702 474—4'75.

280 1811 395 1854 Med.
432 1809 518 1854 677

400 1886 509 1924 totas
541 1895 637 1937 opes
671 1879 847 1923 effundit
878 1882 920 1922 et
953 1879 1158 1935 quidquid
1191 1878 1264 1920 diu

399 1953 530 1994 etiam
560 1953 652 2007 ipsa
684 1952 832 1992 timuit
863 1952 1023 2006 promit
1055 1954 1180 2005 atque
1213 1962 1382 1991 omnem
1415 1946 1600 2003 explicat

400 2023 569 2064 turbam
604 2021 829 2071 malorum,
863 2034 1012 2062 arcana
1045 2025 1203 2062 secreta
1234 2019 1391 2069 abdita,

400 2098 442 2136 et
474 2095 595 2135 triste
625 2092 746 2134 laeva
777 2096 807 2142 *Γ
837 2106 1082 2145 comsit-ecam
1113 2105 1280 2133 sacrum
1320 2103 1453 2132 manu

399 2170 537 2220 pestes
569 2168 694 2206 vocat-
727 2176 1014 2218 quascumque
1047 2162 1249 2204 ferventis
1282 2165 1397 2203 creat

401 2236 556 2277 harena
588 2235 748 2291 Libyae
781 2248 815 2276 e.
835 2248 874 2289 q.
894 2248 926 2275 s.

219 2306 521 2362 Reponcndum
566 2310 641 2354 est,
684 2306 766 2346 nisi
809 2306 950 2346 omnia
993 2317 1060 2345 me
1092 2302 1259 2353 fallunt,
1294 2305 1553 2351 contrectans,
1597 2303 1647 2341 ut
1680 2299 1800 2342 docet

217 2377 336 2419 locus
369 2377 524 2419 similis
556 2376 733 2432 Thyest.
768 2375 851 2417 691
873 2390 960 2431 sqq.

402 2448 494 2503 Ipse
527 2453 586 2489 est
620 2446 823 2496 sacerdos,
856 2448 947 2502 ipse
979 2446 1145 2488 funesta
1177 2459 1297 2501 prece

402 2517 528 2559 letale
561 2532 726 2559 carmen
759 2531 827 2559 ore
860 2516 1046 2559 violento
1079 2517 1205 2566 canit,

404 2592 489 2630 stat
518 2590 607 2644 ipse
640 2588 692 2629 ad
722 2602 827 2638 aras,
859 2589 950 2643 ipse
983 2588 1157 2630 devotos
1190 2588 1281 2629 neci

404 2663 616 2701 contrectat
647 2664 688 2701 et
720 2660 935 2714 componit
967 2672 1061 2713 e.q.
1080 2672 1110 2700 S.

273 2844 303 2883 1)
335 2843 425 2874 Idem
455 2842 592 2874 occurrit
622 2842 693 2874 Sen.
726 2842 828 2884 Epist.
853 2842 960 2880 30,14
991 2852 1053 2873 non
1077 2841 1224 2874 dubitare
1248 2846 1354 2873 autern
1379 2853 1422 2879 se,
1447 2842 1524 2883 quin
1547 2840 1657 2873 senilis
1682 2839 1769 2871 anim
1786 2850 1804 2870 a

226 2898 256 2929 in
282 2898 393 2940 primis
418 2897 517 2929 labris
542 2902 640 2935 esset3
666 2908 700 2928 ex
722 2897 833 2928 eadem
855 2897 993 2939 epistula
1013 2896 1164 2928 laudetur
1181 2901 1346 2938 praetereo.
1366 2896 1413 2936 §2
1435 2896 1481 2928 ita
1502 2896 1533 2927 in
1555 2895 1648 2928 senili
1668 2905 1806 2937 corpore

225 2953 430 2995 aliquatenus
454 2952 651 2984 inbecillitas
674 2951 827 2983 sustineri
853 2956 884 2984 et
910 2951 1017 2983 fulciri
1041 2956 1158 2993 potest.
