1975 3376
999 210 1054 253 12

240 333 458 376 silentium
486 348 615 376 manu
642 334 761 384 fecit3
791 332 939 375 deinde
967 332 1051 373 ait:
1085 331 1197 371 hunc
1224 330 1527 385 magistratum
1555 341 1634 384 ego
1660 327 1817 370 Romae

236 405 301 446 bis
333 407 458 461 gessi.
492 405 555 447 bis
585 406 735 446 scilicet
767 417 937 446 causam
970 402 1146 443 dixerat.

295 475 405 517 Nam
453 481 556 531 puto
601 477 711 517 inter
759 474 818 515 bis
859 477 902 516 et
942 487 1099 514 causam
1144 469 1444 526 compendium
1489 470 1721 525 scripturae
1762 483 1816 510 so.

238 547 444 588 omissum
475 559 576 588 esse.

296 687 438 730 Contr.
472 687 512 730 II
547 686 586 738 7,
606 687 632 729 8
665 687 822 729 adeone
853 688 941 728 iam
972 685 1023 727 ad
1055 698 1225 727 omnem
1258 684 1510 739 patientiam
1542 682 1701 725 saeculi
1725 696 1817 724 mos

239 759 357 808 abiit,
399 763 448 799 ut
491 757 691 800 adversus
724 758 1036 813 querimoniam
1068 757 1152 798 viri
1184 768 1290 796 uxor
1321 753 1462 796 alieno
1495 757 1600 795 teste
1632 751 1822 795 defenda-

235 827 330 870 tur?
363 834 405 871 at
436 828 628 871 hercules
660 828 860 871 adversus
894 831 1167 869 externorum
1200 825 1394 881 quondam
1422 825 1640 880 opiniones
1667 824 1821 879 specio-

235 902 452 941 sissimum
485 901 770 955 patrocinium
804 903 915 941 erat:
950 912 1029 953 ego
1064 899 1156 939 viro
1190 896 1348 952 placeo.

294 969 463 1012 Gertzio
490 974 718 1026 praeeunte
747 968 931 1011 Mueller
959 969 1128 1024 scripsit
1155 968 1351 1023 quondam
1380 981 1454 1022 pro
1484 965 1677 1008 codicum
1705 964 1817 1007 ABV

236 1044 444 1097 scriptura
488 1043 602 1097 quod,
652 1045 695 1083 at
736 1040 886 1084 Novak
929 1044 1161 1094 utrumque
1204 1038 1388 1080 damnat.
1439 1037 1648 1093 Equidem
1691 1038 1819 1078 inter-

234 1115 460 1168 punctione
487 1114 717 1154 immutata
744 1112 1069 1167 temptaverim:
1103 1115 1147 1152 at
1179 1108 1372 1151 hercules
1404 1108 1606 1151 adversus
1633 1111 1820 1150 externo-

234 1197 331 1224 rum
364 1185 579 1238 opiniones
610 1184 715 1238 quod
744 1183 1103 1239 speciosissimum
1134 1181 1418 1236 patrocinium
1451 1177 1569 1222 erat?
1601 1178 1693 1235 Ego
1724 1179 1818 1222 viro

234 1253 391 1309 placeo.

295 1395 436 1439 Contr.
465 1396 543 1438 VII
573 1396 610 1447 1,
632 1396 688 1438 10
714 1397 944 1451 impositus
972 1397 1094 1438 estin
1113 1409 1266 1437 navem
1283 1395 1430 1437 frater:
1450 1394 1618 1450 qualem
1636 1391 1817 1436 navem?

233 1468 351 1509 scitis
400 1467 510 1509 nihil
555 1481 643 1509 esse
691 1465 968 1522 periculosius
1015 1480 1142 1522 quam
1190 1468 1319 1508 etiam
1367 1467 1576 1508 instructa
1621 1466 1816 1521 navigia:

234 1551 363 1593 parva
396 1539 574 1579 materia
607 1539 794 1593 seiungit
826 1538 925 1579 fata.
960 1537 1061 1592 quid
1092 1551 1205 1588 vero,
1240 1538 1275 1578 si
1309 1550 1394 1578 non
1426 1536 1675 1579 rudentibus
1708 1550 1817 1578 com-

235 1609 425 1649 mittitur
456 1607 530 1650 illa
562 1610 717 1659 anima,
749 1623 832 1650 non
870 1607 987 1658 velis,
1020 1622 1103 1649 non
1135 1606 1424 1663 gubernaculo
1458 1604 1720 1650 defenditur?
1752 1621 1818 1648 ex-

234 1684 397 1720 armata
438 1680 558 1720 navis
601 1684 676 1730 est,
721 1684 900 1734 utroque
942 1683 1088 1734 patens
1128 1677 1282 1729 latere,
1329 1679 1566 1734 imponitur
1607 1679 1736 1720 miser
1772 1679 1817 1719 in

233 1750 519 1805 naufragium,
553 1751 723 1806 navigio
757 1764 830 1805 per
861 1764 904 1791 se
937 1764 1107 1805 pessum
1141 1750 1254 1791 ituro
1288 1749 1450 1804 pondus
1482 1749 1604 1791 insui.

295 1820 467 1862 Tradita
514 1822 722 1876 scriptura
771 1822 907 1863 variat
952 1822 1063 1862 inter
1110 1820 1217 1860 insui
1264 1825 1306 1862 et
1353 1819 1480 1861 insuit
1520 1818 1607 1872 (vel
1649 1819 1814 1876 infuit).

235 1891 348 1943 Quae
389 1893 626 1947 propositae
669 1895 768 1933 sunt
811 1893 1094 1933 coniecturae:
1128 1890 1303 1942 inditur,
1339 1892 1590 1946 imponitur,
1623 1891 1814 1940 inicitur,

233 1961 405 2013 accedit,
440 1976 533 2004 mea
566 1962 738 2017 quidem
770 1963 977 2004 sententia
1009 1963 1137 2003 nimis
1169 1961 1296 2017 longe
1324 1975 1347 2003 a
1375 1963 1578 2003 memoria
1604 1961 1815 2003 librorum

233 2032 445 2075 recedunt.
490 2032 639 2074 Nonne
671 2047 824 2075 verum
855 2036 940 2074 est:
975 2034 1148 2088 navigio
1180 2046 1255 2088 per
1288 2046 1331 2074 se
1363 2046 1534 2088 pessum
1567 2034 1682 2074 ituro
1715 2046 1814 2087 pon-

234 2103 311 2144 dus
338 2101 502 2145 insidit?
534 2102 674 2145 Facile
702 2109 811 2146 certe
836 2105 879 2145 in
907 2103 985 2145 hoc
1012 2102 1166 2145 ultimo
1193 2103 1320 2145 verbo
1347 2102 1560 2154 librarius,
1589 2104 1662 2158 qui
1688 2101 1814 2159 paulo

233 2178 330 2216 ante
362 2175 402 2229 (ξ
421 2173 465 2226 8)
497 2174 609 2215 insue
640 2189 697 2215 me
729 2174 853 2215 culleo
876 2173 905 2226 1)
939 2177 1197 2224 exaraverat,
1231 2187 1369 2216 errare
1402 2174 1556 2229 potuit.

295 2313 436 2358 Contr.
471 2315 548 2357 VII
579 2315 619 2367 4,
641 2314 665 2357 9
704 2320 746 2357 et
776 2315 886 2357 illud
919 2315 1050 2357 dixit:
1084 2317 1209 2358 mitte
1239 2317 1369 2358 istam
1401 2315 1631 2372 epistulam
1661 2317 1814 2360 infruc-

233 2390 413 2428 tuosam.
458 2386 594 2428 odisse
635 2386 756 2428 illam
799 2386 944 2428 debes:
988 2387 1090 2428 haec
1132 2390 1208 2437 est,
1242 2401 1348 2442 quae
1380 2392 1562 2429 matrem
1594 2392 1716 2430 tuam
1747 2402 1814 2430 ex-

233 2458 432 2499 caecavit.
462 2462 503 2498 et
528 2456 650 2499 illam
675 2457 943 2507 salsissimam,
970 2458 1013 2498 in
1041 2471 1168 2512 quam
1194 2457 1325 2499 multi
1351 2457 1611 2510 inciderunt;
1641 2463 1814 2515 propter

233 2528 312 2569 hoc
353 2528 508 2583 ipsum,
542 2528 694 2583 inquit,
727 2529 867 2583 magis
899 2527 1051 2569 flebilis
1084 2531 1160 2578 est,
1194 2527 1305 2583 quod
1337 2542 1422 2570 non
1453 2532 1593 2584 potest
1625 2528 1737 2572 flere.
1769 2533 1813 2572 et

231 2599 410 2639 iterum:
443 2597 654 2649 lacrimae,
687 2600 839 2654 inquit,
873 2600 1001 2640 matri
1033 2598 1208 2650 desunt,
1242 2612 1389 2641 causae
1423 2604 1672 2655 supersunt3
1708 2604 1812 2643 tam-

232 2681 361 2723 quam
393 2670 504 2710 caeci
536 2668 632 2710 flere
663 2683 745 2711 non
777 2668 950 2712 soleant.

296 2737 470 2795 Corrige
513 2753 703 2782 mecum:
747 2745 789 2782 et
830 2739 950 2783 illam
990 2740 1301 2792 insulsissimam,
1343 2742 1387 2783 in
1430 2756 1558 2798 quam
1588 2741 1718 2785 multi
1748 2743 1810 2785 in-

231 2809 435 2852 ciderunt.

278 2962 306 3001 1)
331 2962 379 2994 Cf.
405 2961 487 2994 int'ra
513 2961 623 2994 Contr.
646 2961 719 3000 VII,
746 2962 830 3002 1‚14
856 2961 940 2994 insui
963 2962 1068 2995 culleo
1093 2963 1321 3005 postulantem.
