1975 3376
1057 206 1112 249 32

295 334 359 373 est
401 332 516 372 enim
552 345 628 384 pro
672 329 820 382 neqotii
863 330 972 370 modo
1014 331 1246 371 animosam
1290 342 1379 370 esse
1422 330 1628 370 virtutem
1673 332 1714 370 et
1746 327 1787 369 X
1820 326 1876 369 38

295 405 408 457 (pag.
441 400 542 452 244,
564 400 608 452 8)
640 403 689 442 ut
719 399 886 442 fruendi
918 401 1079 455 copiam
1104 414 1182 453 pro
1215 399 1404 440 desiderii
1438 399 1548 441 modo
1578 399 1727 454 capiat.

356 546 396 588 X
438 545 491 588 31
537 549 652 602 (pag.
686 544 787 595 236,
807 544 881 597 32)
922 544 983 586 nil
1025 559 1075 587 ex
1116 545 1277 588 hostico
1323 547 1495 602 accepit,
1539 544 1611 587 sed
1653 559 1695 587 se
1738 546 1873 600 ipsam

294 618 572 673 recuperavit,
600 631 674 659 nec
702 616 855 672 praeda
881 617 1043 658 auctior
1069 616 1179 658 facta
1205 619 1280 667 est,
1310 616 1382 658 sed
1411 631 1500 659 esse
1527 615 1680 672 praeda
1703 603 1877 666 desivit;

295 692 337 730 et
369 698 468 744 (quo
501 687 562 729 nil
596 687 703 730 adici
731 687 782 730 ad
809 686 968 743 gloriae
994 687 1304 740 magnitudinem
1325 685 1703 743 <mamilia-entius>
1724 689 1880 742 potest)

295 760 526 814 imperium
558 760 731 815 recepit,
766 772 872 814 quae
905 759 1130 800 servitium
1165 758 1412 801 sustinebat.

356 827 564 872 Contendi
594 843 675 871 non
703 832 840 884 potest
867 842 936 871 me
964 830 1122 871 inserto
1150 829 1277 871 verbo
1303 828 1621 883 maqnffleentius
1648 829 1881 871 orationem

295 901 424 942 nimis
460 899 672 942 tumidam
704 899 948 949 reddidisse,
983 913 1080 941 cum
1113 901 1362 955 praesertim
1396 899 1574 942 conferri
1603 898 1728 942 liceat
1760 898 1823 940 XI
1855 897 1880 940 3

295 974 411 1026 (pag.
446 970 641 1023 246,15)
686 984 791 1026 quae
834 972 877 1012 in
909 971 987 1012 hac
1020 970 1212 1013 Romana
1243 972 1413 1026 imperii
1445 975 1563 1026 parte
1591 970 1880 1023 qloriosissima

295 1045 395 1082 sunt
416 1041 563 1096 famae
594 1041 712 1082 laude
745 1041 939 1082 celebrata
971 1055 1006 1083 e.
1027 1056 1064 1097 q.
1084 1056 1116 1083 s.
1152 1041 1362 1084 Adverbio
1395 1042 1710 1096 maymfieentius
1744 1042 1881 1084 utitur

295 1111 499 1153 Nazarius
541 1111 582 1152 X
618 1111 672 1154 18
716 1116 831 1168 (pag.
867 1111 968 1162 227,
988 1111 1077 1167 28),
1113 1117 1156 1154 at
1187 1126 1276 1168 cap.
1311 1111 1366 1154 35
1401 1117 1515 1169 (pag.
1552 1112 1651 1163 241,
1673 1112 1746 1162 10)
1778 1111 1883 1168 legi·

296 1196 416 1225 mus:
461 1196 566 1239 quae
599 1183 775 1225 antehac
807 1183 1198 1237 maqmficentz'ssima
1230 1184 1513 1239 putabantur,
1547 1197 1674 1239 supra
1705 1197 1805 1226 vero
1837 1184 1880 1224 in

247 1281 250 1284 «
297 1253 497 1296 Eumenii
542 1255 726 1297 oratione
767 1253 824 1296 IV
860 1253 913 1295 16
947 1258 1062 1310 (pag.
1101 1253 1199 1305 127,
1221 1253 1294 1307 16)
1327 1256 1531 1297 occurrit:
1566 1255 1882 1311 maynificentius

298 1338 490 1375 carmen;
535 1324 587 1367 ad
619 1328 883 1381 postremum
915 1339 936 1367 e
970 1324 1100 1366 Plinii
1132 1326 1397 1382 Panegyrico
1428 1325 1626 1368 laudetur
1659 1324 1730 1376 83,
1749 1325 1775 1367 2
1808 1324 1884 1366 Est

298 1396 546 1450 maynifieum
588 1395 699 1451 quod
741 1401 782 1438 te
825 1395 874 1438 ab
917 1398 1033 1438 omni
1077 1398 1327 1453 contagione
1371 1397 1575 1439 vitiorum
1608 1397 1804 1453 reprimis
1837 1409 1883 1438 ac

299 1479 482 1517 revocas,
516 1466 589 1508 sed
615 1466 930 1521 maynrflcentius
963 1466 1074 1522 quod
1107 1471 1218 1509 tuos.

359 1612 401 1653 X
433 1611 489 1653 33
522 1615 636 1668 (pag.
671 1611 772 1662 238,
791 1611 865 1663 30)
898 1624 999 1654 nam
1033 1616 1075 1654 et
1102 1611 1346 1654 calamitate
1375 1612 1553 1654 obsessis
1582 1612 1676 1654 finis
1705 1616 1767 1654 est
1793 1614 1885 1655 voti

300 1684 471 1724 miseria
511 1681 683 1725 liberari
727 1686 769 1724 et
809 1696 909 1724 mox
942 1684 1134 1724 vacuitas
1167 1684 1438 1725 miseriarum
1470 1697 1622 1738 parum
1653 1687 1776 1740 grata
1807 1687 1886 1733 est,

299 1755 382 1795 nisi
413 1752 577 1795 laetitia
609 1757 902 1808 consequatur.
934 1755 995 1795 ita
1029 1768 1104 1810 pro
1138 1768 1182 1795 se
1213 1767 1403 1809 quaeque
1431 1753 1576 1796 officiis
1603 1756 1690 1796 suis
1717 1755 1885 1797 functae

299 1823 522 1866 Fortitudo
570 1828 612 1866 et
659 1823 912 1866 Liberalitas
958 1826 1229 1880 imperatoris
1273 1824 1662 1867 cumulatissimam
1708 1826 1825 1867 urbis
1855 1824 1885 1877 1)

299 1893 609 1937 beatitudinem
653 1892 872 1950 (sentina)
918 1895 1201 1938 exhaurienda
1246 1900 1289 1938 et
1336 1895 1611 1952 congerendis
1653 1895 1885 1939 commodis

301 1964 589 2008 reddiderunt.

362 2036 608 2078 Baehrensii
636 2035 948 2092 supplemento,
978 2036 1089 2092 quod
1117 2041 1180 2079 est
1206 2037 1467 2090 aeqrz'tudine,
1493 2037 1698 2079 substitui
1713 2038 1884 2087 sentina,

303 2110 400 2163 apte
442 2108 556 2149 enim
598 2105 865 2150 Constantini
896 2107 1090 2149 laudator
1120 2107 1394 2150 Maxentium
1427 2110 1602 2163 eiusque
1635 2112 1773 2164 partes
1805 2123 1890 2150 serc-

305 2178 427 2218 tinam
467 2177 625 2220 Romae
642 2177 677 2230 2)
720 2179 861 2233 potuit
904 2177 1127 2234 appellare.
1176 2178 1294 2230 Quod
1337 2180 1489 2220 attinet
1533 2178 1584 2220 ad
1626 2178 1884 2221 locutionem

303 2248 494 2290 sentinam
529 2248 751 2300 eoehaurire,
786 2250 982 2304 componi
1016 2252 1179 2304 oportet
1212 2247 1298 2292 Cic.
1332 2249 1383 2290 ad
1416 2250 1506 2291 Att.
1539 2248 1557 2290 Ι
1587 2249 1655 2301 19,
1675 2250 1700 2290 4
1729 2249 1886 2306 populo

304 2323 448 2361 autem
497 2323 538 2361 et
581 2319 787 2375 Pompeio
830 2323 946 2371 (nam
988 2319 1031 2360 id
1075 2333 1240 2375 quoque
1283 2319 1495 2369 volebam)
1539 2322 1640 2362 satis
1682 2321 1885 2363 faciebam

305 2392 533 2445 emptione,
575 2404 658 2446 qua
700 2391 932 2432 constituta
975 2389 1203 2446 diligenter
1235 2395 1276 2432 et
1307 2391 1503 2431 sentinam
1535 2391 1644 2432 urbis
1677 2391 1886 2432 exhauriri

306 2463 348 2502 et
378 2459 525 2502 Italiae
557 2459 833 2504 solitudinem
864 2460 1123 2516 frequentari
1156 2475 1275 2516 posse
1306 2461 1553 2504 arbitrabar.

368 2604 430 2646 XI
465 2604 517 2647 15
551 2609 666 2662 (pag.
701 2604 801 2656 256,
821 2605 896 2658 22)
929 2605 1059 2661 quid?
1094 2606 1204 2662 quod
1237 2606 1345 2648 nihil
1377 2609 1564 2663 speranti
1595 2608 1704 2649 mihi
1737 2607 1786 2650 de
1817 2607 1888 2650 ho-

307 2676 420 2717 noris
467 2680 697 2731 augmento
744 2680 896 2732 (neque
942 2678 1054 2719 enim
1097 2676 1209 2719 ultra
1250 2678 1558 2733 praefecturam
1601 2692 1644 2720 se
1690 2682 1887 2721 votorum

356 2859 386 2898 l)
417 2859 516 2897 Urbis,
540 2859 624 2901 quod
649 2863 696 2890 est
720 2859 752 2890 in
777 2859 826 2897 M,
849 2859 917 2890 iure
941 2863 1048 2891 tuetur
1071 2859 1227 2898 Lfitstedt‚
1251 2860 1293 2892 cf.
1317 2859 1414 2892 Eran.
1440 2861 1502 2892 VII
1527 2871 1600 2903 pag.
1625 2860 1677 2892 63.
1729 2881 1733 2886 ·

354 2915 386 2953 2)
417 2912 466 2945 Cf.
497 2913 579 2945 infra
612 2924 684 2955 pag.
713 2913 789 2952 239,
804 2913 842 2945 19
877 2913 934 2944 illa
965 2919 1146 2945 monstrosa
1171 2914 1260 2946 labes
1283 2918 1377 2956 (quae
1402 2915 1441 2945 ad
1468 2915 1604 2946 eundem
1628 2920 1799 2956 tyrannum
1823 2925 1889 2956 per-

308 2968 433 3008 tinent).
