<?xml version="1.0" encoding="UTF-8"?>
<!DOCTYPE html PUBLIC "-//W3C//DTD XHTML 1.0 Transitional//EN"
    "http://www.w3.org/TR/xhtml1/DTD/xhtml1-transitional.dtd">
<html xmlns="http://www.w3.org/1999/xhtml" xml:lang="en" lang="en">
 <head>
  <title>
</title>
<meta http-equiv="Content-Type" content="text/html;charset=utf-8" />
  <meta name='ocr-system' content='tesseract 3.04.00' />
  <meta name='ocr-capabilities' content='ocr_page ocr_carea ocr_par ocr_line ocrx_word'/>
</head>
<body>
  <div class='ocr_page' id='page_1' title='image "annaeananovavell00brakuoft_0030.png"; bbox 0 0 1975 3376; ppageno 0'>
   <div class='ocr_carea' id='block_1_1' title="bbox 979 186 1034 228">
    <p class='ocr_par' dir='ltr' id='par_1_1' title="bbox 979 186 1034 228">
     <span class='ocr_line' id='line_1_1' title="bbox 979 186 1034 228; baseline -0.018 0"><span class='ocrx_word' id='word_1_1' title='bbox 979 186 1034 228; x_wconf 89' lang='grc'>18</span> 
     </span>
    </p>
   </div>
   <div class='ocr_carea' id='block_1_2' title="bbox 208 306 1798 1213">
    <p class='ocr_par' dir='ltr' id='par_1_2' title="bbox 208 306 1796 931">
     <span class='ocr_line' id='line_1_2' title="bbox 275 306 1795 362; baseline -0.005 -8"><span class='ocrx_word' id='word_1_2' title='bbox 275 313 314 354; x_wconf 92' lang='lat' dir='ltr'>Il</span> <span class='ocrx_word' id='word_1_3' title='bbox 351 311 448 362; x_wconf 85' lang='lat'>115,</span> <span class='ocrx_word' id='word_1_4' title='bbox 467 311 493 353; x_wconf 82' lang='lat'>2</span> <span class='ocrx_word' id='word_1_5' title='bbox 525 311 650 352; x_wconf 86' lang='lat' dir='ltr'>initio</span> <span class='ocrx_word' id='word_1_6' title='bbox 682 309 854 351; x_wconf 87' lang='lat' dir='ltr'>aestatis</span> <span class='ocrx_word' id='word_1_7' title='bbox 888 307 1073 362; x_wconf 80' lang='lat' dir='ltr'>Lepidus</span> <span class='ocrx_word' id='word_1_8' title='bbox 1105 306 1256 349; x_wconf 88' lang='lat' dir='ltr'>educto</span> <span class='ocrx_word' id='word_1_9' title='bbox 1288 307 1477 349; x_wconf 89' lang='lat' dir='ltr'>hibernis</span> <span class='ocrx_word' id='word_1_10' title='bbox 1505 308 1693 349; x_wconf 84' lang='lat' dir='ltr'>exercitu</span> <span class='ocrx_word' id='word_1_11' title='bbox 1721 320 1795 362; x_wconf 89' lang='lat' dir='ltr'>per</span> 
     </span>
     <span class='ocr_line' id='line_1_3' title="bbox 213 377 1795 439; baseline -0.004 -14"><span class='ocrx_word' id='word_1_12' title='bbox 213 384 352 439; x_wconf 85' lang='lat' dir='ltr'>gentis</span> <span class='ocrx_word' id='word_1_13' title='bbox 394 384 583 438; x_wconf 87' lang='lat' dir='ltr'>integras</span> <span class='ocrx_word' id='word_1_14' title='bbox 622 382 921 433; x_wconf 87' lang='lat' dir='ltr'>immunesque</span> <span class='ocrx_word' id='word_1_15' title='bbox 952 378 1090 420; x_wconf 88' lang='lat' dir='ltr'>adhuc</span> <span class='ocrx_word' id='word_1_16' title='bbox 1123 377 1238 419; x_wconf 86' lang='lat' dir='ltr'>clade</span> <span class='ocrx_word' id='word_1_17' title='bbox 1270 377 1375 420; x_wconf 91' lang='lat' dir='ltr'>belli</span> <span class='ocrx_word' id='word_1_18' title='bbox 1406 382 1448 420; x_wconf 90' lang='lat' dir='ltr'>et</span> <span class='ocrx_word' id='word_1_19' title='bbox 1479 392 1526 420; x_wconf 91' lang='lat' dir='ltr'>eo</span> <span class='ocrx_word' id='word_1_20' title='bbox 1558 377 1714 420; x_wconf 87' lang='lat' dir='ltr'>feroces</span> <span class='ocrx_word' id='word_1_21' title='bbox 1748 390 1795 418; x_wconf 91' lang='lat' dir='ltr'>ac</span> 
     </span>
     <span class='ocr_line' id='line_1_4' title="bbox 212 446 1796 504; baseline -0.004 -8"><span class='ocrx_word' id='word_1_22' title='bbox 212 458 350 496; x_wconf 87' lang='lat' dir='ltr'>truces</span> <span class='ocrx_word' id='word_1_23' title='bbox 382 452 556 495; x_wconf 89' lang='lat' dir='ltr'>tendens</span> <span class='ocrx_word' id='word_1_24' title='bbox 589 450 640 492; x_wconf 89' lang='lat' dir='ltr'>ad</span> <span class='ocrx_word' id='word_1_25' title='bbox 670 449 890 491; x_wconf 84' lang='lat' dir='ltr'>Tiberium</span> <span class='ocrx_word' id='word_1_26' title='bbox 922 450 1223 504; x_wconf 80' lang='lat' dir='ltr'>imperatorem</span> <span class='ocrx_word' id='word_1_27' title='bbox 1258 452 1300 490; x_wconf 91' lang='lat' dir='ltr'>et</span> <span class='ocrx_word' id='word_1_28' title='bbox 1332 462 1430 490; x_wconf 90' lang='lat' dir='ltr'>cum</span> <span class='ocrx_word' id='word_1_29' title='bbox 1464 447 1710 490; x_wconf 86' lang='lat' dir='ltr'>difficultate</span> <span class='ocrx_word' id='word_1_30' title='bbox 1737 446 1796 489; x_wconf 95' lang='lat' dir='ltr'>lo-</span> 
     </span>
     <span class='ocr_line' id='line_1_5' title="bbox 213 518 1795 575; baseline -0.004 -8"><span class='ocrx_word' id='word_1_31' title='bbox 213 539 359 568; x_wconf 88' lang='lat' dir='ltr'>corum</span> <span class='ocrx_word' id='word_1_32' title='bbox 393 528 434 566; x_wconf 91' lang='lat' dir='ltr'>et</span> <span class='ocrx_word' id='word_1_33' title='bbox 465 537 562 565; x_wconf 87' lang='lat' dir='ltr'>cum</span> <span class='ocrx_word' id='word_1_34' title='bbox 596 523 640 564; x_wconf 87' lang='lat' dir='ltr'>vi</span> <span class='ocrx_word' id='word_1_35' title='bbox 671 521 861 563; x_wconf 90' lang='lat' dir='ltr'>hostium</span> <span class='ocrx_word' id='word_1_36' title='bbox 895 519 1096 569; x_wconf 89' lang='lat' dir='ltr'>luctatus,</span> <span class='ocrx_word' id='word_1_37' title='bbox 1129 532 1287 575; x_wconf 87' lang='lat' dir='ltr'>magna</span> <span class='ocrx_word' id='word_1_38' title='bbox 1319 533 1418 560; x_wconf 88' lang='lat' dir='ltr'>cum</span> <span class='ocrx_word' id='word_1_39' title='bbox 1450 518 1565 561; x_wconf 88' lang='lat' dir='ltr'>clade</span> <span class='ocrx_word' id='word_1_40' title='bbox 1595 519 1795 561; x_wconf 89' lang='lat' dir='ltr'>obsisten-</span> 
     </span>
     <span class='ocr_line' id='line_1_6' title="bbox 211 589 1795 648; baseline -0.005 -10"><span class='ocrx_word' id='word_1_41' title='bbox 211 597 323 638; x_wconf 91' lang='lat' dir='ltr'>tium</span> <span class='ocrx_word' id='word_1_42' title='bbox 355 595 505 637; x_wconf 79' lang='lat' dir='ltr'>excisis</span> <span class='ocrx_word' id='word_1_43' title='bbox 537 593 663 648; x_wconf 87' lang='lat' dir='ltr'>agris,</span> <span class='ocrx_word' id='word_1_44' title='bbox 698 592 860 633; x_wconf 83' lang='lat' dir='ltr'>exustis</span> <span class='ocrx_word' id='word_1_45' title='bbox 891 589 1104 641; x_wconf 89' lang='lat' dir='ltr'>aedificiis,</span> <span class='ocrx_word' id='word_1_46' title='bbox 1138 591 1269 632; x_wconf 89' lang='lat' dir='ltr'>caesis</span> <span class='ocrx_word' id='word_1_47' title='bbox 1301 591 1417 640; x_wconf 88' lang='lat' dir='ltr'>viris,</span> <span class='ocrx_word' id='word_1_48' title='bbox 1451 589 1589 631; x_wconf 88' lang='lat' dir='ltr'>laetus</span> <span class='ocrx_word' id='word_1_49' title='bbox 1615 590 1795 631; x_wconf 88' lang='lat' dir='ltr'>victoria</span> 
     </span>
     <span class='ocr_line' id='line_1_7' title="bbox 210 659 1795 722; baseline -0.004 -14"><span class='ocrx_word' id='word_1_50' title='bbox 210 666 446 722; x_wconf 87' lang='lat' dir='ltr'>praedaque</span> <span class='ocrx_word' id='word_1_51' title='bbox 495 667 671 706; x_wconf 88' lang='lat' dir='ltr'>onustus</span> <span class='ocrx_word' id='word_1_52' title='bbox 719 663 916 718; x_wconf 88' lang='lat' dir='ltr'>pervenit</span> <span class='ocrx_word' id='word_1_53' title='bbox 960 661 1011 702; x_wconf 85' lang='lat' dir='ltr'>ad</span> <span class='ocrx_word' id='word_1_54' title='bbox 1053 659 1290 711; x_wconf 87' lang='lat' dir='ltr'>Caesarem,</span> <span class='ocrx_word' id='word_1_55' title='bbox 1335 664 1377 702; x_wconf 90' lang='lat' dir='ltr'>et</span> <span class='ocrx_word' id='word_1_56' title='bbox 1421 661 1472 703; x_wconf 94' lang='lat' dir='ltr'>ob</span> <span class='ocrx_word' id='word_1_57' title='bbox 1517 674 1578 710; x_wconf 91' lang='lat' dir='ltr'>ea,</span> <span class='ocrx_word' id='word_1_58' title='bbox 1621 673 1728 715; x_wconf 90' lang='lat' dir='ltr'>quae</span> <span class='ocrx_word' id='word_1_59' title='bbox 1760 661 1795 701; x_wconf 87' lang='lat' dir='ltr'>si</span> 
     </span>
     <span class='ocr_line' id='line_1_8' title="bbox 208 731 1794 793; baseline -0.004 -15"><span class='ocrx_word' id='word_1_60' title='bbox 208 737 388 793; x_wconf 88' lang='lat' dir='ltr'>propriis</span> <span class='ocrx_word' id='word_1_61' title='bbox 434 735 634 791; x_wconf 75' lang='lat' dir='ltr'>gessisset</span> <span class='ocrx_word' id='word_1_62' title='bbox 680 733 901 788; x_wconf 81' lang='lat' dir='ltr'>auspiciis,</span> <span class='ocrx_word' id='word_1_63' title='bbox 951 731 1216 787; x_wconf 77' lang='lat' dir='ltr'>triumphare</span> <span class='ocrx_word' id='word_1_64' title='bbox 1267 731 1487 780; x_wconf 84' lang='lat' dir='ltr'>debuerat,</span> <span class='ocrx_word' id='word_1_65' title='bbox 1537 732 1794 773; x_wconf 87' lang='lat' dir='ltr'>ornamentis</span> 
     </span>
     <span class='ocr_line' id='line_1_9' title="bbox 210 800 1796 861; baseline -0.004 -13"><span class='ocrx_word' id='word_1_66' title='bbox 210 804 542 861; x_wconf 86' lang='lat' dir='ltr'>triumphalibus</span> <span class='ocrx_word' id='word_1_67' title='bbox 596 805 883 847; x_wconf 83' lang='lat' dir='ltr'>consentiente</span> <span class='ocrx_word' id='word_1_68' title='bbox 932 816 1029 844; x_wconf 90' lang='lat' dir='ltr'>cum</span> <span class='ocrx_word' id='word_1_69' title='bbox 1078 801 1236 844; x_wconf 87' lang='lat' dir='ltr'>iudicio</span> <span class='ocrx_word' id='word_1_70' title='bbox 1283 803 1525 857; x_wconf 85' lang='lat' dir='ltr'>principum</span> <span class='ocrx_word' id='word_1_71' title='bbox 1575 800 1796 843; x_wconf 89' lang='lat' dir='ltr'>voluntate</span> 
     </span>
     <span class='ocr_line' id='line_1_10' title="bbox 210 873 728 931; baseline -0.008 -11"><span class='ocrx_word' id='word_1_72' title='bbox 210 882 382 920; x_wconf 90' lang='lat' dir='ltr'>senatus</span> <span class='ocrx_word' id='word_1_73' title='bbox 417 873 616 931; x_wconf 66' lang='lat' dir='ltr'>&lt;auc-tus&gt;</span> <span class='ocrx_word' id='word_1_74' title='bbox 651 879 728 917; x_wconf 85' lang='lat' dir='ltr'>est.</span> 
     </span>
    </p>

    <p class='ocr_par' dir='ltr' id='par_1_3' title="bbox 209 941 1798 1213">
     <span class='ocr_line' id='line_1_11' title="bbox 270 941 1794 1002; baseline -0.004 -13"><span class='ocrx_word' id='word_1_75' title='bbox 270 949 464 997; x_wconf 56' lang='lat' dir='ltr'>Donatus,</span> <span class='ocrx_word' id='word_1_76' title='bbox 492 946 603 1002; x_wconf 90' lang='lat' dir='ltr'>quod</span> <span class='ocrx_word' id='word_1_77' title='bbox 630 945 831 988; x_wconf 90' lang='lat' dir='ltr'>Rhenano</span> <span class='ocrx_word' id='word_1_78' title='bbox 860 945 1088 999; x_wconf 87' lang='lat' dir='ltr'>praeeunte</span> <span class='ocrx_word' id='word_1_79' title='bbox 1114 943 1273 999; x_wconf 86' lang='lat' dir='ltr'>recepit</span> <span class='ocrx_word' id='word_1_80' title='bbox 1300 941 1446 992; x_wconf 88' lang='lat' dir='ltr'>Halm,</span> <span class='ocrx_word' id='word_1_81' title='bbox 1473 943 1617 984; x_wconf 89' lang='lat' dir='ltr'>minus</span> <span class='ocrx_word' id='word_1_82' title='bbox 1644 941 1794 998; x_wconf 88' lang='lat' dir='ltr'>placet,</span> 
     </span>
     <span class='ocr_line' id='line_1_12' title="bbox 210 1013 1797 1074; baseline -0.005 -13"><span class='ocrx_word' id='word_1_83' title='bbox 210 1020 308 1074; x_wconf 88' lang='lat' dir='ltr'>quia</span> <span class='ocrx_word' id='word_1_84' title='bbox 349 1017 477 1074; x_wconf 88' lang='lat' dir='ltr'>paulo</span> <span class='ocrx_word' id='word_1_85' title='bbox 520 1030 646 1072; x_wconf 90' lang='lat' dir='ltr'>supra</span> <span class='ocrx_word' id='word_1_86' title='bbox 688 1016 729 1070; x_wconf 59' lang='grc' dir='ltr'>(ξ</span> <span class='ocrx_word' id='word_1_87' title='bbox 749 1015 791 1065; x_wconf 90' lang='grc'>1)</span> <span class='ocrx_word' id='word_1_88' title='bbox 824 1013 1011 1056; x_wconf 91' lang='lat' dir='ltr'>Velleius</span> <span class='ocrx_word' id='word_1_89' title='bbox 1045 1015 1132 1055; x_wconf 89' lang='lat' dir='ltr'>iam</span> <span class='ocrx_word' id='word_1_90' title='bbox 1165 1013 1297 1054; x_wconf 86' lang='lat' dir='ltr'>dixit:</span> <span class='ocrx_word' id='word_1_91' title='bbox 1341 1013 1495 1067; x_wconf 86' lang='lat' dir='ltr'>quibus</span> <span class='ocrx_word' id='word_1_92' title='bbox 1528 1013 1797 1068; x_wconf 83' lang='lat' dir='ltr'>triumphans</span> 
     </span>
     <span class='ocr_line' id='line_1_13' title="bbox 209 1082 1798 1142; baseline -0.006 -9"><span class='ocrx_word' id='word_1_93' title='bbox 209 1104 307 1132; x_wconf 85' lang='lat' dir='ltr'>eum</span> <span class='ocrx_word' id='word_1_94' title='bbox 355 1088 508 1132; x_wconf 86' lang='lat' dir='ltr'>Caesar</span> <span class='ocrx_word' id='word_1_95' title='bbox 553 1086 729 1128; x_wconf 75' lang='lat' dir='ltr'>donavit.</span> <span class='ocrx_word' id='word_1_96' title='bbox 777 1085 985 1142; x_wconf 84' lang='lat' dir='ltr'>Legimus</span> <span class='ocrx_word' id='word_1_97' title='bbox 1027 1083 1137 1126; x_wconf 89' lang='lat' dir='ltr'>infra</span> <span class='ocrx_word' id='word_1_98' title='bbox 1180 1097 1269 1139; x_wconf 87' lang='lat' dir='ltr'>cap.</span> <span class='ocrx_word' id='word_1_99' title='bbox 1317 1082 1461 1134; x_wconf 83' lang='lat'>130‚3</span> <span class='ocrx_word' id='word_1_100' title='bbox 1506 1082 1798 1138; x_wconf 85' lang='lat' dir='ltr'>(dignitatem)</span> 
     </span>
     <span class='ocr_line' id='line_1_14' title="bbox 210 1155 1379 1213; baseline -0.007 -10"><span class='ocrx_word' id='word_1_101' title='bbox 210 1162 329 1203; x_wconf 83' lang='lat' dir='ltr'>auxit</span> <span class='ocrx_word' id='word_1_102' title='bbox 360 1159 557 1209; x_wconf 87' lang='lat' dir='ltr'>alterius;</span> <span class='ocrx_word' id='word_1_103' title='bbox 591 1171 679 1213; x_wconf 89' lang='lat' dir='ltr'>cap.</span> <span class='ocrx_word' id='word_1_104' title='bbox 717 1156 816 1208; x_wconf 87' lang='grc'><strong>129,</strong></span> <span class='ocrx_word' id='word_1_105' title='bbox 837 1156 863 1197; x_wconf 88' lang='lat'>4</span> <span class='ocrx_word' id='word_1_106' title='bbox 897 1155 1106 1198; x_wconf 89' lang='lat' dir='ltr'>cotidiano</span> <span class='ocrx_word' id='word_1_107' title='bbox 1139 1158 1267 1197; x_wconf 88' lang='lat' dir='ltr'>auctu</span> <span class='ocrx_word' id='word_1_108' title='bbox 1300 1158 1379 1196; x_wconf 86' lang='lat' dir='ltr'>cet.</span> 
     </span>
    </p>
   </div>
   <div class='ocr_carea' id='block_1_3' title="bbox 209 1300 1797 1998">
    <p class='ocr_par' dir='ltr' id='par_1_4' title="bbox 210 1300 1795 1574">
     <span class='ocr_line' id='line_1_15' title="bbox 269 1300 1795 1356; baseline -0.002 -9"><span class='ocrx_word' id='word_1_109' title='bbox 269 1305 309 1347; x_wconf 92' lang='lat' dir='ltr'>II</span> <span class='ocrx_word' id='word_1_110' title='bbox 345 1304 443 1356; x_wconf 76' lang='lat'>125,</span> <span class='ocrx_word' id='word_1_111' title='bbox 463 1304 489 1346; x_wconf 86' lang='lat'><strong>3</strong></span> <span class='ocrx_word' id='word_1_112' title='bbox 522 1303 592 1346; x_wconf 91' lang='lat' dir='ltr'>sed</span> <span class='ocrx_word' id='word_1_113' title='bbox 619 1303 720 1345; x_wconf 88' lang='lat' dir='ltr'>haec</span> <span class='ocrx_word' id='word_1_114' title='bbox 747 1303 889 1344; x_wconf 90' lang='lat' dir='ltr'>omnia</span> <span class='ocrx_word' id='word_1_115' title='bbox 915 1302 1070 1345; x_wconf 85' lang='lat' dir='ltr'>veteris</span> <span class='ocrx_word' id='word_1_116' title='bbox 1095 1302 1362 1356; x_wconf 83' lang='lat' dir='ltr'>imperatoris</span> <span class='ocrx_word' id='word_1_117' title='bbox 1392 1302 1629 1351; x_wconf 85' lang='lat' dir='ltr'>maturitas,</span> <span class='ocrx_word' id='word_1_118' title='bbox 1659 1300 1795 1344; x_wconf 89' lang='lat' dir='ltr'>multa</span> 
     </span>
     <span class='ocr_line' id='line_1_16' title="bbox 212 1371 1794 1430; baseline -0.003 -12"><span class='ocrx_word' id='word_1_119' title='bbox 212 1377 455 1426; x_wconf 86' lang='lat' dir='ltr'>inhibentis,</span> <span class='ocrx_word' id='word_1_120' title='bbox 500 1374 642 1430; x_wconf 88' lang='lat' dir='ltr'>aliqua</span> <span class='ocrx_word' id='word_1_121' title='bbox 684 1388 781 1416; x_wconf 86' lang='lat' dir='ltr'>cum</span> <span class='ocrx_word' id='word_1_122' title='bbox 825 1374 1039 1429; x_wconf 85' lang='lat' dir='ltr'>gravitate</span> <span class='ocrx_word' id='word_1_123' title='bbox 1081 1371 1342 1427; x_wconf 87' lang='lat' dir='ltr'>pollicentis,</span> <span class='ocrx_word' id='word_1_124' title='bbox 1385 1373 1564 1427; x_wconf 70' lang='lat' dir='ltr'>interque</span> <span class='ocrx_word' id='word_1_125' title='bbox 1604 1385 1794 1414; x_wconf 85' lang='lat' dir='ltr'>severam</span> 
     </span>
     <span class='ocr_line' id='line_1_17' title="bbox 210 1442 1795 1503; baseline -0.003 -14"><span class='ocrx_word' id='word_1_126' title='bbox 210 1448 434 1503; x_wconf 87' lang='lat' dir='ltr'>praecipue</span> <span class='ocrx_word' id='word_1_127' title='bbox 482 1447 709 1488; x_wconf 83' lang='lat' dir='ltr'>noxiorum</span> <span class='ocrx_word' id='word_1_128' title='bbox 757 1443 968 1486; x_wconf 89' lang='lat' dir='ltr'>ultionem</span> <span class='ocrx_word' id='word_1_129' title='bbox 1015 1444 1135 1484; x_wconf 87' lang='lat' dir='ltr'>mitis</span> <span class='ocrx_word' id='word_1_130' title='bbox 1182 1442 1363 1484; x_wconf 89' lang='lat' dir='ltr'>aliorum</span> <span class='ocrx_word' id='word_1_131' title='bbox 1412 1444 1635 1498; x_wconf 84' lang='lat' dir='ltr'>castigatio</span> <span class='ocrx_word' id='word_1_132' title='bbox 1677 1444 1795 1484; x_wconf 90' lang='lat' dir='ltr'>brevi</span> 
     </span>
     <span class='ocr_line' id='line_1_18' title="bbox 210 1516 639 1574; baseline -0.005 -14"><span class='ocrx_word' id='word_1_133' title='bbox 210 1520 338 1574; x_wconf 87' lang='lat' dir='ltr'>sopiit</span> <span class='ocrx_word' id='word_1_134' title='bbox 369 1532 415 1560; x_wconf 88' lang='lat' dir='ltr'>ac</span> <span class='ocrx_word' id='word_1_135' title='bbox 448 1516 639 1559; x_wconf 90' lang='lat' dir='ltr'>sustulit.</span> 
     </span>
    </p>

    <p class='ocr_par' dir='ltr' id='par_1_5' title="bbox 209 1582 1797 1998">
     <span class='ocr_line' id='line_1_19' title="bbox 270 1582 1795 1642; baseline -0.005 -11"><span class='ocrx_word' id='word_1_136' title='bbox 270 1589 390 1641; x_wconf 80' lang='lat' dir='ltr'>Quod</span> <span class='ocrx_word' id='word_1_137' title='bbox 417 1588 512 1630; x_wconf 90' lang='lat' dir='ltr'>dedi</span> <span class='ocrx_word' id='word_1_138' title='bbox 539 1587 732 1642; x_wconf 75' lang='lat' dir='ltr'>interque,</span> <span class='ocrx_word' id='word_1_139' title='bbox 761 1600 808 1628; x_wconf 92' lang='lat' dir='ltr'>eo</span> <span class='ocrx_word' id='word_1_140' title='bbox 835 1584 1158 1641; x_wconf 88' lang='lat' dir='ltr'>praeferendum</span> <span class='ocrx_word' id='word_1_141' title='bbox 1184 1587 1246 1626; x_wconf 88' lang='lat' dir='ltr'>est</span> <span class='ocrx_word' id='word_1_142' title='bbox 1273 1583 1445 1626; x_wconf 90' lang='lat' dir='ltr'>lectioni</span> <span class='ocrx_word' id='word_1_143' title='bbox 1473 1588 1510 1625; x_wconf 67' lang='lat' dir='ltr'>et</span> <span class='ocrx_word' id='word_1_144' title='bbox 1537 1584 1655 1634; x_wconf 66' lang='lat' dir='ltr'>inter,</span> <span class='ocrx_word' id='word_1_145' title='bbox 1685 1582 1795 1638; x_wconf 91' lang='lat' dir='ltr'>quod</span> 
     </span>
     <span class='ocr_line' id='line_1_20' title="bbox 211 1654 1795 1710; baseline -0.004 -8"><span class='ocrx_word' id='word_1_146' title='bbox 211 1659 400 1702; x_wconf 88' lang='lat' dir='ltr'>Velleius</span> <span class='ocrx_word' id='word_1_147' title='bbox 433 1673 530 1701; x_wconf 90' lang='lat' dir='ltr'>cum</span> <span class='ocrx_word' id='word_1_148' title='bbox 564 1660 607 1700; x_wconf 89' lang='lat' dir='ltr'>in</span> <span class='ocrx_word' id='word_1_149' title='bbox 642 1659 892 1699; x_wconf 86' lang='lat' dir='ltr'>universum</span> <span class='ocrx_word' id='word_1_150' title='bbox 924 1660 1020 1697; x_wconf 89' lang='lat' dir='ltr'>tum</span> <span class='ocrx_word' id='word_1_151' title='bbox 1053 1659 1151 1710; x_wconf 90' lang='lat' dir='ltr'>post</span> <span class='ocrx_word' id='word_1_152' title='bbox 1181 1654 1370 1696; x_wconf 89' lang='lat' dir='ltr'>litteram</span> <span class='ocrx_word' id='word_1_153' title='bbox 1405 1670 1426 1695; x_wconf 73' lang='lat' dir='ltr'>r</span> <span class='ocrx_word' id='word_1_154' title='bbox 1456 1655 1795 1697; x_wconf 85' lang='lat' dir='ltr'>coniunctionem</span> 
     </span>
     <span class='ocr_line' id='line_1_21' title="bbox 209 1724 1796 1787; baseline -0.004 -14"><span class='ocrx_word' id='word_1_155' title='bbox 209 1746 281 1787; x_wconf 76' lang='lat' dir='ltr'>que</span> <span class='ocrx_word' id='word_1_156' title='bbox 323 1730 492 1773; x_wconf 86' lang='lat' dir='ltr'>adamat</span> <span class='ocrx_word' id='word_1_157' title='bbox 505 1743 514 1780; x_wconf 91' lang='lat'>;</span> <span class='ocrx_word' id='word_1_158' title='bbox 560 1729 610 1771; x_wconf 87' lang='lat' dir='ltr'>cf.</span> <span class='ocrx_word' id='word_1_159' title='bbox 655 1727 695 1770; x_wconf 91' lang='lat' dir='ltr'>II</span> <span class='ocrx_word' id='word_1_160' title='bbox 741 1726 854 1777; x_wconf 81' lang='lat'>60‚5</span> <span class='ocrx_word' id='word_1_161' title='bbox 900 1727 1082 1782; x_wconf 75' lang='lat' dir='ltr'>interque</span> <span class='ocrx_word' id='word_1_162' title='bbox 1122 1724 1371 1767; x_wconf 82' lang='lat' dir='ltr'>naturaliter</span> <span class='ocrx_word' id='word_1_163' title='bbox 1409 1725 1719 1767; x_wconf 89' lang='lat' dir='ltr'>dissimillimos</span> <span class='ocrx_word' id='word_1_164' title='bbox 1751 1738 1796 1766; x_wconf 84' lang='lat' dir='ltr'>ac</span> 
     </span>
     <span class='ocr_line' id='line_1_22' title="bbox 212 1794 1795 1851; baseline -0.004 -7"><span class='ocrx_word' id='word_1_165' title='bbox 212 1802 377 1844; x_wconf 84' lang='lat' dir='ltr'>diversa</span> <span class='ocrx_word' id='word_1_166' title='bbox 404 1800 584 1843; x_wconf 87' lang='lat' dir='ltr'>volentis</span> <span class='ocrx_word' id='word_1_167' title='bbox 612 1798 822 1841; x_wconf 85' lang='lat' dir='ltr'>crescebat</span> <span class='ocrx_word' id='word_1_168' title='bbox 848 1797 1021 1848; x_wconf 86' lang='lat' dir='ltr'>odium;</span> <span class='ocrx_word' id='word_1_169' title='bbox 1049 1796 1068 1837; x_wconf 90' lang='lat' dir='ltr'>I</span> <span class='ocrx_word' id='word_1_170' title='bbox 1101 1794 1168 1847; x_wconf 85' lang='lat'>17,</span> <span class='ocrx_word' id='word_1_171' title='bbox 1190 1796 1215 1837; x_wconf 88' lang='grc'>6</span> <span class='ocrx_word' id='word_1_172' title='bbox 1243 1795 1602 1851; x_wconf 87' lang='lat' dir='ltr'>naturaliterque;</span> <span class='ocrx_word' id='word_1_173' title='bbox 1632 1796 1651 1837; x_wconf 92' lang='grc' dir='ltr'><strong>Ι</strong></span> <span class='ocrx_word' id='word_1_174' title='bbox 1681 1794 1750 1846; x_wconf 77' lang='grc'>17,</span> <span class='ocrx_word' id='word_1_175' title='bbox 1771 1794 1795 1837; x_wconf 82' lang='grc'><strong>7</strong></span> 
     </span>
     <span class='ocr_line' id='line_1_23' title="bbox 216 1864 1797 1927; baseline -0.004 -13"><span class='ocrx_word' id='word_1_176' title='bbox 216 1874 512 1927; x_wconf 80' lang='lat' dir='ltr'>sequiturque3</span> <span class='ocrx_word' id='word_1_177' title='bbox 555 1871 575 1912; x_wconf 91' lang='lat' dir='ltr'>I</span> <span class='ocrx_word' id='word_1_178' title='bbox 619 1869 733 1920; x_wconf 86' lang='lat'>13,3</span> <span class='ocrx_word' id='word_1_179' title='bbox 778 1881 1028 1923; x_wconf 87' lang='lat' dir='ltr'>semperque</span> <span class='ocrx_word' id='word_1_180' title='bbox 1073 1866 1141 1918; x_wconf 86' lang='lat' dir='ltr'>(cf.</span> <span class='ocrx_word' id='word_1_181' title='bbox 1176 1865 1216 1908; x_wconf 93' lang='lat' dir='ltr'>II</span> <span class='ocrx_word' id='word_1_182' title='bbox 1251 1866 1417 1916; x_wconf 83' lang='lat'>115‚5;</span> <span class='ocrx_word' id='word_1_183' title='bbox 1461 1866 1502 1908; x_wconf 95' lang='lat' dir='ltr'>II</span> <span class='ocrx_word' id='word_1_184' title='bbox 1538 1864 1722 1918; x_wconf 80' lang='grc'><strong>127,4);</strong></span> <span class='ocrx_word' id='word_1_185' title='bbox 1757 1864 1797 1906; x_wconf 87' lang='grc' dir='ltr'>ΙΙ</span> 
     </span>
     <span class='ocr_line' id='line_1_24' title="bbox 217 1937 1750 1998; baseline -0.005 -12"><span class='ocrx_word' id='word_1_186' title='bbox 217 1943 330 1994; x_wconf 77' lang='grc'><strong>26,1</strong></span> <span class='ocrx_word' id='word_1_187' title='bbox 365 1944 614 1998; x_wconf 88' lang='lat' dir='ltr'>fortiterque</span> <span class='ocrx_word' id='word_1_188' title='bbox 626 1955 635 1992; x_wconf 90' lang='lat'>;</span> <span class='ocrx_word' id='word_1_189' title='bbox 669 1940 710 1982; x_wconf 92' lang='lat' dir='ltr'>II</span> <span class='ocrx_word' id='word_1_190' title='bbox 743 1939 812 1990; x_wconf 86' lang='lat'>33,</span> <span class='ocrx_word' id='word_1_191' title='bbox 833 1939 859 1981; x_wconf 90' lang='grc'><strong>2</strong></span> <span class='ocrx_word' id='word_1_192' title='bbox 891 1942 1123 1993; x_wconf 90' lang='lat' dir='ltr'>neuterque</span> <span class='ocrx_word' id='word_1_193' title='bbox 1135 1951 1145 1989; x_wconf 80' lang='lat'><em>3</em></span> <span class='ocrx_word' id='word_1_194' title='bbox 1179 1937 1219 1979; x_wconf 93' lang='grc' dir='ltr'>ΙΙ</span> <span class='ocrx_word' id='word_1_195' title='bbox 1253 1937 1394 1988; x_wconf 85' lang='grc'><strong>130,1</strong></span> <span class='ocrx_word' id='word_1_196' title='bbox 1432 1951 1639 1993; x_wconf 90' lang='lat' dir='ltr'>superque</span> <span class='ocrx_word' id='word_1_197' title='bbox 1673 1939 1750 1978; x_wconf 90' lang='lat' dir='ltr'>cet.</span> 
     </span>
    </p>
   </div>
  </div>
 </body>
</html>
