1975 3376
942 228 996 270 21

180 351 348 393 obviam
382 352 585 393 exercitui
616 351 762 394 Severi
792 351 1004 406 prodirent
1037 354 1078 393 et
1109 352 1338 406 praetentis
1370 350 1516 393 infulis
1549 355 1758 407 rogarent,

181 421 322 480 (rem)
356 422 524 464 inanem
558 426 702 464 contra
734 422 928 464 barbaros
961 420 1121 463 milites
1154 435 1317 477 parans.

237 491 492 547 Transposui
517 507 593 534 rem
619 492 748 548 (quod
774 492 953 535 verbum
978 491 1104 534 Peter
1129 493 1308 534 inseruit
1335 495 1428 547 post
1454 492 1640 544 inanem),
1660 506 1756 534 cum

176 563 317 618 potius
351 563 540 606 excidere
573 567 713 619 posset
745 567 838 619 post
870 567 1066 615 roqarent.

236 632 350 675 Infra
383 648 549 690 quoque
581 634 769 676 ordinem
803 634 972 675 mutavi
1004 633 1210 675 scribens:

236 703 379 746 XVIII
421 704 504 756 (Al.
539 704 653 756 Sev.)
688 703 771 755 6,5
815 703 956 746 felices
998 717 1072 746 nos
1114 704 1292 759 imperio
1336 707 1423 754 tuo,
1468 703 1635 746 felicem
1668 718 1758 746 rem

175 788 216 829 p.
254 772 527 832 (imperator)
562 775 734 817 infamis
776 788 884 817 unco
929 778 1086 816 tractus
1120 778 1182 816 est
1214 774 1266 816 ad
1297 774 1543 830 exemplum
1578 776 1756 826 timoris,

175 843 421 887 luxuriosus
464 847 694 902 imperator
736 847 827 888 iure
871 846 1047 901 punitus
1091 849 1166 897 est,
1211 847 1517 888 contaminator
1549 846 1758 889 honorum

175 916 267 957 iure
299 917 476 971 punitus
509 920 586 958 est.

234 985 338 1028 Post
384 1001 464 1028 rem
501 1002 548 1040 p.
592 988 681 1029 sine
728 986 856 1029 dubio
905 987 1111 1029 omissum
1154 989 1218 1028 est
1259 987 1350 1040 imp.
1393 990 1462 1038 (=
1493 988 1754 1042 imperator).

174 1055 324 1098 Eidem
355 1057 622 1100 substantivo
655 1057 763 1098 1111111
795 1056 942 1100 videor
975 1070 1102 1098 suum
1134 1056 1276 1099 locum
1310 1056 1562 1100 reddidisse:

234 1126 375 1169 XXIV
408 1126 543 1183 (Trig.
579 1127 699 1184 Tyr.)
732 1127 803 1179 33,
822 1128 848 1169 2
886 1128 990 1170 Post
1021 1142 1164 1170 omnes
1197 1130 1337 1170 tamen
1370 1128 1549 1170 honores
1581 1143 1678 1171 cum
1710 1131 1754 1171 in

171 1211 272 1253 agro
304 1212 380 1240 suo
412 1198 584 1254 degeret
615 1213 740 1241 senex
767 1202 891 1254 atque
918 1213 1003 1240 uno
1030 1198 1133 1254 pede
1160 1198 1397 1241 claudicans
1423 1197 1610 1249 vulnere,
1639 1199 1751 1254 quod

170 1267 279 1310 bello
311 1268 479 1311 Persico
513 1268 724 1311 Valeriani
755 1270 1019 1325 temporibus
1051 1274 1278 1325 acceperat,
1309 1267 1584 1325 <imper-ator>
1614 1271 1750 1312 factus

170 1343 234 1380 est
268 1337 367 1395 (et)
403 1353 645 1381 scurrarum
675 1340 765 1382 ioco
799 1339 1001 1383 Claudius
1034 1339 1269 1395 appellatus
1302 1345 1377 1383 est.

231 1408 313 1452 Cui
355 1425 435 1452 non
479 1412 611 1466 possit
647 1411 815 1466 probari
846 1414 941 1467 post
972 1416 1174 1465 acceperat
1205 1413 1362 1467 perisse
1394 1411 1619 1466 imperator,
1654 1416 1749 1468 post

170 1484 228 1521 est
259 1482 600 1523 coniunctionem
633 1479 697 1522 et?

229 1550 366 1593 Nemo
397 1553 533 1607 igitur
565 1566 648 1594 non
680 1553 934 1594 assentietur
966 1552 1116 1594 Petere
1143 1554 1376 1608 requirenti
1401 1552 1506 1594 XIX
1533 1552 1748 1605 (Maxim.)

172 1620 241 1672 17,
261 1621 286 1663 3
319 1623 497 1677 putabat
528 1626 685 1672 autem,
715 1622 839 1678 quod,
868 1624 904 1665 si
929 1622 1003 1665 ille
1029 1622 1189 1666 Romae
1216 1623 1380 1674 fuisset,
1401 1620 1621 1679 (senatus)
1641 1622 1749 1665 nihil

170 1705 352 1734 ausurus
385 1696 506 1735 esset.

229 1762 446 1805 Nimirum
489 1767 582 1819 post
612 1764 770 1819 fuisset
811 1763 1109 1819 compendium
1140 1779 1222 1805 sen.
1255 1765 1432 1806 interiit.
1467 1764 1749 1806 Inveniuntur

168 1834 283 1874 enim
313 1835 356 1875 in
389 1833 510 1876 libris
543 1834 752 1876 eiusmodi
777 1834 1038 1890 compendia,
1068 1834 1186 1877 velut
1214 1834 1355 1876 XVIII
1382 1834 1466 1887 (Al.
1485 1834 1602 1887 Sev.)
1632 1834 1743 1886 19,1

168 1904 304 1946 Praef.
333 1907 465 1960 praet.
495 1905 567 1956 (ib.
594 1904 664 1955 23,
685 1904 751 1957 4);
781 1905 837 1947 ib.
868 1904 907 1955 8,
931 1905 950 1946 1
983 1920 1022 1961 p.
1042 1919 1075 1947 c.
1096 1905 1178 1946 XX
1196 1903 1363 1958 (Gord.)
1382 1905 1452 1956 29,
1474 1905 1494 1947 1
1515 1920 1647 1947 conss.
1668 1908 1746 1947 cet.

226 2047 268 2088 X
300 2047 478 2100 (Sever.)
512 2047 580 2098 16,
603 2048 623 2089 1
659 2049 829 2091 Aestate
861 2049 999 2104 igitur
1024 2050 1109 2090 iam
1138 2053 1317 2090 exeunte
1344 2048 1562 2090 Parthiam
1589 2050 1748 2105 ingres-

166 2132 236 2160 sus
268 2116 543 2161 Ctesifontem
574 2118 698 2174 pulso
730 2133 830 2175 rege
857 2120 1052 2174 pervenit
1079 2123 1120 2161 et
1146 2121 1258 2175 cepit
1285 2118 1460 2161 hiemali
1487 2134 1615 2175 prope
1642 2122 1748 2162 tem-

166 2202 279 2244 pore,
313 2189 425 2244 quod
456 2190 500 2231 in
531 2189 618 2231 illis
650 2190 896 2246 regionibus
927 2189 1080 2232 melius
1113 2203 1187 2245 per
1216 2190 1401 2231 hiemem
1429 2189 1539 2231 bella
1569 2194 1746 2232 tractan-

168 2262 251 2310 tur,
279 2273 377 2301 cum
404 2264 434 2309 †
460 2260 665 2314 culparum
691 2260 902 2303 radicibus
928 2259 1088 2302 milites
1117 2262 1306 2302 viverent
1323 2263 1448 2316 atque
1466 2259 1562 2302 inde
1579 2261 1746 2303 morbos

168 2329 538 2386 aegritudinesque
571 2331 875 2373 contraherent.

227 2398 437 2443 Vocabulo
471 2400 697 2457 depravato
729 2401 932 2454 culparum
964 2401 1176 2443 substituo
1204 2401 1399 2443 ulvarum.

226 2542 329 2585 XIII
361 2544 478 2596 (Ant.
512 2542 672 2595 Carae.)
706 2543 745 2594 5,
767 2542 790 2585 5
835 2543 1021 2585 Deorum
1062 2532 1158 2585 sane
1191 2557 1234 2584 se
1266 2543 1508 2585 nominibus
1541 2545 1745 2600 appellari

166 2615 316 2665 vetuit,
362 2613 472 2670 quod
516 2613 774 2657 Commodus
818 2614 984 2664 fecerat,
1030 2627 1126 2656 cum
1169 2613 1238 2654 illi
1279 2627 1391 2664 eum,
1435 2614 1545 2670 quod
1577 2614 1743 2658 leonem

165 2683 353 2740 aliasque
385 2685 492 2726 feras
525 2685 756 2735 occidisset,
791 2684 1022 2727 Herculem
1055 2684 1252 2726 dicerent.

226 2755 288 2797 De
314 2755 395 2806 illi,
424 2755 534 2811 quod
560 2769 790 2811 pronomen
817 2769 962 2797 omnes
988 2755 1073 2797 fere
1090 2758 1336 2810 suspectum
1353 2755 1520 2806 habent,
1538 2755 1689 2798 Novak
1712 2757 1742 2809 ¹)

163 2827 354 2882 scripsit:
383 2826 460 2866 Illi
486 2826 537 2868 ad
565 2840 669 2882 quos
696 2827 902 2868 referatur
929 2840 1010 2868 non
1040 2830 1223 2882 apparet.
1252 2825 1370 2867 Idem
1397 2827 1575 2882 requirit
1597 2827 1740 2882 aliqui,

212 2989 243 3028 1)
267 2977 367 3021 cesks
390 2999 472 3021 mus.
495 2988 574 3021 fi101.
599 2989 675 3021 Ros.
700 2988 751 3020 111
775 2999 847 3030 pag.
872 2987 946 3020 258.
