1975 3376
970 216 1026 258 30

206 338 382 380 flumina
427 339 539 392 ipsas
587 335 839 392 oppidorum
887 339 1030 391 portas
1078 335 1296 385 alluentia,
1343 334 1415 378 sed
1457 337 1604 377 statim
1648 336 1698 378 ab
1741 349 1789 378 eo

206 408 331 458 flexu,
365 421 387 449 e
420 421 502 462 quo
533 410 764 448 retrorsum
796 407 866 448 via
897 405 1015 448 ducit
1045 407 1089 447 in
1123 405 1356 461 Belgicam,
1389 409 1509 447 vasta
1541 407 1698 456 omnia,
1731 407 1794 447 in-

205 478 318 521 culta
350 477 597 533 squalentia,
631 480 752 518 muta
783 476 1015 527 tenebrosa,
1048 477 1178 518 etiam
1203 474 1403 517 militaris
1429 476 1520 518 vias
1545 476 1606 518 ita
1632 475 1792 518 confra—

204 563 329 606 gosas
376 552 419 590 et
466 547 641 590 alternis
689 548 908 589 montibus
954 547 1107 589 arduas
1156 551 1282 602 atque
1324 548 1589 602 praecipites,
1635 550 1684 588 ut
1725 547 1793 588 vim

204 618 437 675 semiplena
469 622 677 674 carpenta,
710 618 927 660 interdum
963 615 1093 673 (vix)
1130 631 1263 660 vacua
1294 619 1600 659 transmittant.

264 689 403 732 Facile
450 689 707 744 perspicitur
748 688 934 731 alterum
978 689 1045 730 vim
1087 687 1361 745 neglegentia
1403 687 1569 730 librarii
1615 691 1796 743 praeter-

204 762 386 803 missum
433 773 536 801 esse.
585 759 706 800 Unus
752 763 864 802 certe
905 759 1022 802 locus
1065 764 1212 801 tuetur
1253 758 1603 815 supplementum
1646 772 1793 801 meum

204 844 353 886 nempe
381 829 464 871 XII
488 828 544 870 34
567 834 683 885 (pag.
705 828 805 880 302,
827 830 870 881 6)
898 831 965 871 vix
992 829 1175 872 fluvium
1203 843 1355 871 manus
1372 830 1533 871 invicta
1551 830 1794 871 transierat:

202 903 289 943 iam
330 899 473 942 locum
515 899 618 942 belli
651 901 833 942 tenebat.
873 902 940 941 vix
972 901 1139 943 hostem
1172 902 1415 942 invenerat:
1447 901 1534 941 iam
1567 900 1794 956 urguebat.

202 972 270 1013 vim
311 975 479 1027 pectora
516 970 702 1012 viderat:
738 972 824 1013 iam
859 975 979 1027 terga
1010 971 1221 1013 caedebat.
1257 971 1340 1012 Hic
1372 971 1503 1012 etiam
1535 984 1794 1013 commemo-

201 1042 382 1084 randum
425 1046 487 1084 est
528 1041 793 1084 Muellerum
836 1047 1079 1098 ceterosque
1123 1043 1338 1097 scripsisse
1381 1041 1490 1083 Plin.
1536 1042 1639 1084 Pan.
1677 1041 1792 1092 13,4

202 1114 292 1155 Hac
324 1113 433 1155 mihi
464 1112 743 1155 admiratione
771 1113 926 1170 dignus
953 1114 1184 1169 imperator
1205 1110 1335 1168 (vim)
1355 1112 1587 1163 videretur,
1616 1114 1652 1154 si
1680 1114 1791 1155 inter

201 1184 416 1226 Fabricios
448 1186 490 1225 et
520 1183 737 1240 Scipiones
770 1188 813 1225 et
845 1181 1047 1226 Camillos
1079 1183 1179 1226 talis
1212 1188 1337 1226 esset.

262 1325 362 1368 VIII
397 1324 421 1368 '7
454 1329 569 1381 (pag.
607 1325 707 1375 186,
729 1325 802 1376 10)
835 1325 878 1367 di
910 1323 1022 1367 boni!
1054 1326 1248 1380 quisnam
1276 1324 1351 1367 ille
1378 1327 1472 1366 tum
1501 1324 1620 1366 nobis
1647 1323 1793 1366 illuxit

204 1397 291 1439 dies
331 1398 435 1447 (iam
468 1398 581 1438 enim
615 1396 666 1438 ad
698 1395 974 1451 praedicanda
1007 1396 1194 1438 remedia
1223 1397 1412 1438 numinis
1444 1397 1509 1436 tui
1542 1395 1685 1437 ordine
1718 1409 1793 1437 suo

203 1469 397 1523 pervenit
440 1468 605 1518 oratio),
650 1481 748 1508 cum
793 1472 854 1517 tu,
900 1466 1013 1522 quod
1054 1468 1244 1522 primum
1282 1467 1401 1509 nobis
1434 1468 1609 1522 signum
1642 1465 1793 1508 salutis

203 1539 300 1590 fuit,
335 1542 476 1594 portas
508 1539 633 1579 istius
666 1538 784 1579 urbis
816 1536 1012 1580 intrasti?

263 1608 311 1650 In
344 1608 461 1651 codd.
495 1606 658 1651 BOVW
691 1608 874 1664 legitur:
911 1608 954 1650 di
987 1609 1088 1658 boni,
1123 1608 1193 1650 sed
1226 1609 1415 1664 optimus
1449 1609 1484 1649 A
1517 1608 1714 1650 exhibet:
1750 1607 1793 1649 di

203 1677 288 1734 ἦῆ,
331 1696 383 1724 ex
424 1696 506 1738 quo
552 1682 683 1724 efficio
727 1682 996 1724 scribendum
1038 1695 1151 1724 esse:
1197 1681 1239 1723 di
1272 1682 1447 1724 wzaoeimz'.
1482 1682 1786 1725 Conferantur:

202 1757 433 1810 imperator
473 1754 661 1794 maxime
704 1752 762 1804 (X
798 1752 846 1803 6;
879 1753 920 1794 X
953 1752 1050 1805 16);
1094 1754 1281 1795 maxime
1313 1755 1545 1809 imperator
1578 1754 1658 1805 (XI
1692 1752 1788 1806 17);

203 1825 479 1869 Constantine
526 1825 714 1865 maxime
762 1823 821 1875 (X
865 1823 944 1874 363
989 1824 1030 1865 X
1076 1822 1155 1873 373
1201 1823 1242 1865 X
1286 1823 1342 1866 38
1375 1828 1496 1876 cet.);
1547 1826 1790 1880 principum

203 1897 389 1939 maxime
423 1894 482 1946 (X
516 1895 559 1947 5)
592 1898 670 1936 cet.
716 1894 1041 1951 Subiungamus
1074 1894 1186 1937 Plin.
1220 1895 1323 1937 Pan.
1358 1895 1428 1947 88,
1448 1894 1475 1937 8
1508 1895 1686 1951 ideoque
1716 1894 1790 1938 ille

203 1980 351 2023 parens
378 1966 603 2007 hominum
631 1964 890 2021 deorumque
919 1967 1073 2021 optimi
1099 1967 1230 2021 priuS,
1261 1965 1408 2008 deinde
1435 1966 1600 2007 maximi
1622 1967 1791 2008 nomine

205 2036 373 2079 colitur.

263 2107 345 2149 His
376 2106 584 2162 exemplis
617 2110 858 2149 commotus
889 2107 999 2148 infra
1032 2121 1196 2162 quoque
1231 2106 1435 2149 ediderim
1465 2106 1562 2148 VIII
1593 2106 1646 2148 13
1674 2111 1789 2162 (pag.

206 2178 305 2229 190,
326 2177 400 2229 24)
443 2192 466 2220 o
507 2176 697 2219 lustrum
739 2178 936 2220 omnibus
977 2177 1126 2219 lustris
1169 2176 1357 2220 felicius!
1407 2192 1429 2219 o
1461 2177 1647 2219 lustrum
1679 2177 1791 2233 quod

204 2250 359 2292 merito
391 2249 497 2290 hanc
527 2249 697 2304 imperii
729 2250 795 2290 tui
827 2249 1026 2304 aequavit
1053 2247 1261 2290 aetatem!
1292 2249 1411 2290 nobis
1439 2262 1540 2305 ergo
1568 2250 1791 2304 praecipue

205 2323 246 2362 te
288 2320 524 2376 principem
566 2318 608 2360 di
648 2318 810 2360 mamimi
853 2322 1117 2369 creaverunt,
1162 2319 1315 2374 quibus
1358 2317 1538 2375 singulis
1581 2319 1682 2361 haec
1725 2322 1788 2360 est

204 2394 302 2433 nata
334 2389 528 2441 felicitas,
562 2403 613 2432 ex
645 2404 727 2445 quo
761 2394 809 2432 tu
840 2391 1050 2445 imperare
1083 2391 1271 2445 coepisti.

266 2530 365 2573 VIII
394 2531 445 2572 11
476 2535 591 2587 (pag.
624 2531 721 2582 189,
743 2530 817 2583 13)
845 2533 1091 2574 remissione
1118 2532 1200 2573 ista
1227 2535 1389 2586 septem
1407 2530 1582 2573 milium
1599 2532 1788 2586 capitum

205 2604 364 2659 viginti
408 2604 594 2658 quinque
636 2602 812 2644 milibus
844 2602 999 2644 dedisti
1030 2604 1154 2653 vires,
1190 2602 1342 2644 dedisti
1376 2616 1512 2658 opem,
1547 2601 1701 2643 dedisti
1733 2615 1793 2644 sa-

205 2673 342 2715 lutem
385 2672 564 2728 plusque
607 2674 650 2714 in
693 2687 740 2715 eo
773 2678 1023 2716 consecutus
1057 2687 1114 2724 es,
1148 2672 1258 2729 quod
1290 2673 1498 2715 roborasti
1531 2686 1660 2728 quam
1691 2673 1793 2714 reci-

207 2743 307 2785 disti
347 2744 390 2784 in
433 2757 480 2785 eo
523 2743 635 2798 quod
678 2745 904 2786 remisisti:
939 2745 1060 2799 quasi
1091 2747 1156 2785 ter
1189 2747 1358 2785 tantum
1392 2744 1470 2785 tibi
1502 2743 1675 2784 firmum
1708 2756 1792 2784 cer-

205 2818 384 2869 tumque
415 2812 630 2856 redditum
663 2819 739 2865 est,
772 2814 816 2856 id
849 2814 960 2869 quod
995 2813 1129 2872 <diu>
1162 2815 1285 2856 irrito
1313 2814 1548 2869 petebatur,
1577 2813 1788 2869 siquidem

206 2885 438 2940 desperatio
466 2884 705 2940 perferendi
731 2884 862 2926 debiti
890 2886 1020 2927 etiam
1045 2884 1088 2925 id
1116 2884 1226 2940 quod
1256 2884 1346 2926 dari
1373 2888 1539 2940 poterat
1556 2884 1787 2926 inhibebat.

267 2954 529 2998 Adverbium
561 2969 584 2996 a
617 2969 685 2997 me
716 2956 925 2997 insertum
956 2956 1201 3010 saepissime
1233 2954 1394 3011 legitur
1426 2956 1468 2996 in
1498 2954 1788 3011 Panegyricis,
