1975 3376
910 221 966 265 27

151 347 393 390 voluntates
437 348 596 389 summi
629 347 762 402 patris
795 349 1000 401 sequatur
1032 346 1273 395 auctoritas,
1306 345 1427 386 cuius
1459 346 1614 385 nutum
1647 357 1739 399 pro-

151 420 397 460 missionem
437 418 582 473 qm'ppe
613 417 820 459 firmantis
852 418 985 458 totius
1015 415 1167 457 mundi
1200 419 1358 457 tremor
1389 416 1530 465 sentit,
1562 416 1646 469 ipsi
1677 418 1737 457 ta-

150 504 246 531 men
275 489 387 531 ultro
404 489 663 544 impetrandi
680 490 936 544 potestatem
955 486 1199 529 cohortandi
1216 487 1482 528 humanitate
1499 484 1734 527 conciliant.

211 561 422 602 Baehrens
455 559 586 602 edidit
619 559 764 614 quippe
796 571 1055 614 quamquam
1089 557 1177 599 cod.
1209 556 1258 598 M
1290 556 1460 598 exhibet
1493 570 1565 610 que
1597 555 1667 598 vel
1699 571 1735 610 q.

150 631 232 674 Sed
264 633 473 672 nimirum
505 630 693 672 confusio
726 633 790 671 est
820 630 930 670 inter
962 643 985 684 q
1017 632 1058 670 et
1089 635 1133 679 ἶ,
1168 627 1278 670 unde
1306 630 1478 683 apparet
1504 627 1736 682 genuinam

149 703 406 757 scripturam
451 701 605 742 fuisse:
656 701 776 742 cuius
821 703 975 741 nutum
1020 700 1344 754 promissionem
1389 695 1735 753 <eon>firmantis

142 774 274 815 totius
313 771 464 814 mundi
508 774 669 813 tremor
711 771 852 812 sentit.
898 767 961 812 Of.
997 768 1032 811 V
1066 769 1092 811 3
1137 773 1252 825 (pag.
1291 768 1389 820 134,
1409 765 1453 820 3)
1495 783 1518 810 o
1562 772 1730 823 tempus

144 857 226 898 quo
269 843 421 884 merito
462 841 676 897 quondam
719 841 862 882 omnia
905 843 1003 882 nata
1045 853 1134 882 esse
1175 839 1410 891 credantur,
1455 853 1553 881 cum
1585 838 1731 881 eodem

146 927 258 955 nunc
290 914 522 967 confirmata
553 911 776 955 videamus
810 914 888 952 cet.

206 1058 263 1101 IV
298 1057 352 1100 19
385 1062 505 1114 (pag.
541 1056 640 1107 130,
662 1056 705 1109 9)
730 1056 831 1110 pari
863 1072 972 1098 eura.

205 1128 321 1171 Haec
353 1128 514 1171 locutio
547 1129 722 1170 fortasse
750 1129 884 1182 petita
912 1132 975 1170 est
1003 1142 1024 1169 e
1052 1126 1213 1182 Vergil.
1242 1127 1344 1169 Aen.
1373 1125 1428 1168 VI
1457 1125 1540 1168 159
1562 1127 1734 1180 paribus

148 1199 267 1241 euris.
312 1199 446 1252 Quam
489 1197 628 1241 multa
670 1202 815 1240 autem
847 1199 892 1240 hi
925 1202 1107 1240 oratores
1139 1212 1160 1239 e
1193 1197 1378 1254 Vergilio
1412 1197 1734 1253 desumpserint,

150 1269 291 1312 elucet
323 1283 374 1312 ex
407 1269 594 1320 elencho,
629 1283 754 1324 quem
790 1269 968 1311 confecit
1000 1268 1198 1311 Schenkl.
1223 1267 1253 1318 ¹)

209 1415 266 1457 IV
298 1415 356 1458 20
388 1418 503 1471 (pag.
542 1414 639 1465 130,
659 1413 735 1467 27)
777 1414 921 1458 videat
957 1400 1175 1470 'praeterea
1214 1416 1258 1456 in
1290 1414 1376 1457 illis
1408 1415 1641 1470 porticibus
1673 1417 1733 1457 iu-

149 1489 303 1528 ventus
336 1490 378 1528 et
409 1485 561 1528 cotidie
594 1488 754 1541 spectet
788 1499 931 1527 omnes
964 1488 1095 1526 terras
1127 1488 1169 1527 et
1201 1488 1351 1527 cuncta
1383 1486 1517 1527 maria
1550 1488 1592 1527 et
1623 1486 1735 1540 quic-

149 1557 252 1612 quid
278 1557 551 1598 invictissimi
577 1557 787 1611 principes
814 1556 987 1597 urbium
1014 1556 1210 1611 gentium
1235 1557 1458 1597 nationum
1483 1559 1557 1597 aut
1578 1557 1735 1610 pietate

151 1629 384 1670 restituunt
417 1632 491 1670 aut
523 1628 684 1669 virtute
718 1627 949 1669 devincunt
979 1629 1055 1668 aut
1086 1630 1243 1668 terrore
1274 1627 1498 1668 devincunt.

211 1697 408 1740 Alterum
437 1697 649 1738 devincunt
675 1696 784 1738 male
811 1698 1014 1738 iteratum
1041 1697 1246 1738 sinceram
1275 1696 1441 1752 expulit
1466 1698 1733 1752 scripturam.

150 1769 231 1821 Qui
263 1768 492 1811 contulerit
524 1767 558 1809 V
592 1767 649 1810 20
683 1771 797 1824 (pag.
834 1766 933 1819 147,
953 1767 998 1819 8)
1030 1767 1141 1809 nihil
1172 1782 1222 1809 ex
1254 1769 1371 1809 omni
1405 1771 1613 1810 terrarum
1645 1782 1733 1810 cae-

149 1840 264 1895 lique
295 1841 468 1895 regione
499 1853 581 1881 non
615 1842 689 1880 aut
721 1843 840 1880 metu
873 1840 1068 1894 quietum
1100 1843 1162 1880 est
1189 1841 1260 1880 aut
1291 1839 1420 1880 armis
1448 1838 1632 1880 domitum
1661 1843 1735 1881 aut

150 1912 308 1966 pietate
340 1910 572 1960 devinctum,
606 1923 733 1965 supra
765 1923 943 1964 quoque,
977 1913 1027 1950 ut
1054 1910 1213 1964 opinor,
1242 1910 1447 1964 requiret:
1475 1913 1549 1951 aut
1576 1911 1736 1953 virtute

151 1980 364 2022 devincunt
395 1973 469 2022 aut
501 1984 658 2022 terrore
693 1981 851 2021 domant
867 1978 916 2031 2).

212 2125 247 2168 V
282 2125 306 2169 7
339 2130 454 2182 (pag.
492 2126 589 2178 136,
610 2126 684 2179 24)
716 2126 890 2177 Xerxes,
925 2130 973 2168 ut
1004 2125 1142 2175 audio,
1176 2126 1403 2168 Persarum
1430 2140 1504 2169 rex
1532 2129 1733 2182 potentis-

151 2199 299 2249 simus,
327 2196 494 2252 pedicas
521 2198 621 2240 iecit
648 2211 795 2239 aureas
821 2199 866 2239 in
892 2196 1162 2252 profundum,
1189 2197 1438 2252 Neptunum
1467 2212 1510 2240 se
1536 2198 1733 2241 dictitans

154 2267 346 2324 alligare,
380 2268 478 2322 quia
512 2267 712 2310 fluctibus
743 2267 960 2310 ferociret:
988 2267 1113 2309 stulta
1140 2266 1212 2309 ille
1238 2269 1437 2310 iactantia
1464 2271 1505 2310 et
1533 2268 1736 2326 sacrilega

155 2340 356 2381 vanitate.

215 2408 414 2451 Meliores
457 2409 617 2452 codices
659 2409 860 2452 exhibent
899 2409 1038 2460 stalla,
1082 2412 1125 2450 at
1171 2424 1205 2449 m
1237 2409 1410 2465 praebet
1441 2411 1567 2451 stulta
1597 2411 1735 2453 stalla.

154 2479 344 2522 Fortasse
386 2493 487 2522 vera
528 2479 655 2522 lectio
699 2485 761 2523 est
792 2480 1045 2531 stultissima,
1071 2479 1190 2538 ¹qnod
1223 2485 1364 2522 tamen
1397 2479 1499 2522 olim
1530 2482 1736 2536 scriptum

155 2553 240 2594 fere
272 2538 396 2595 studia}
428 2556 472 2596 in
504 2555 631 2596 stalla
664 2554 836 2597 videtur
867 2554 1014 2596 abisse.
1050 2553 1200 2596 Simile
1233 2558 1342 2597 certe
1374 2556 1530 2597 vitium
1562 2555 1739 2597 sustulit

155 2622 308 2679 Jaeger
342 2624 377 2666 V
410 2624 436 2666 8
469 2628 583 2681 (pag.
621 2625 718 2676 137,
739 2625 813 2676 28)
854 2624 1086 2668 revocando
1122 2625 1306 2679 plurima
1346 2639 1420 2680 pro
1459 2625 1615 2668 tradita
1655 2640 1739 2668 me-

156 2695 290 2736 moria
313 2694 454 2748 plura.

203 2867 232 2906 1)
259 2866 308 2898 Cf.
332 2866 434 2899 Wien.
460 2867 550 2900 Stud.
577 2867 629 2899 ΠΙ
653 2878 724 2909 pag.
750 2867 934 2899 129—130.

201 2921 232 2961 2)
258 2920 373 2953 Novak
398 2922 446 2954 Ll.
469 2933 542 2964 pag.
568 2922 609 2953 28
642 2922 800 2953 desiderat
825 2921 1038 2962 comprimunt.
