1975 3376
1012 203 1041 244 4,

473 339 546 381 pro
579 327 728 367 cuncta
760 323 901 374 tellus,
935 324 1163 367 Herculem
1196 328 1388 368 vestrum
1421 325 1560 382 placet

471 400 607 438 morte
642 393 763 454 (ita)
799 393 950 438 ferire?
983 396 1099 438 dirus
1131 410 1154 439 o
1185 396 1306 438 nobis
1339 397 1475 452 pudor
1508 411 1542 439 e.
1564 411 1602 453 q.
1623 410 1655 439 ε.

292 466 481 508 Fortasse
510 470 605 522 post
635 470 755 507 morte
779 465 997 508 intercidit
1023 466 1095 515 ita,
1123 480 1256 522 neque
1283 468 1467 508 otiosum
1495 471 1556 509 est
1584 467 1803 509 observare

229 541 312 579 tres
355 537 518 579 litteras
551 542 612 578 cta
645 537 781 587 (verbi
814 541 970 589 cuncta)
1003 537 1150 579 eodem
1184 538 1267 579 fere
1299 537 1390 580 loco
1423 540 1613 593 proxime
1644 552 1809 594 praece-

228 608 363 649 dentis
405 622 552 649 versus
597 611 787 649 exaratas
829 621 930 657 esse,
973 609 1034 649 ita
1075 610 1124 649 111
1165 606 1362 649 librarius
1405 607 1653 650 adverbium
1684 607 1804 650 facile

226 678 563 733 praetermittere
596 679 797 733 potuerit.

285 749 322 790 A
355 747 522 804 dactylo
555 749 766 804 incipiunt
798 749 928 790 etiam
960 762 1021 790 νε.
1061 747 1187 799 1133,
1224 747 1353 799 1145,
1391 747 1505 791 1162
1539 752 1617 791 cet.

283 893 408 936 Herc.
443 892 573 948 [Oen]
611 892 725 935 1319
1162 893 1263 949 quid
1294 895 1428 950 pascis
1461 892 1626 936 minas?

464 964 565 1020 quid
598 965 763 1019 quaeris
796 962 936 1006 ultra?
969 963 1207 1020 supplicem
1242 963 1416 1007 Alciden
1451 964 1582 1015 vides,

464 1039 506 1077 61
537 1034 655 1076 1111113
688 1033 829 1085 161111ε,
862 1033 980 1076 1111113
1012 1049 1081 1077 1116
1116 1035 1227 1077 vidit
1258 1035 1344 1078 fera

463 1113 504 1148 te
538 1106 847 1161 deprecantem.
881 1119 992 1147 nunc
1025 1106 1134 1147 mihi
1166 1107 1274 1148 irata
1307 1110 1337 1155 †
1361 1115 1485 1160 pater

463 1191 567 1233 opus
599 1181 662 1219 est
694 1190 871 1219 noverca
904 1202 960 1208 —-
992 1191 1104 1219 nunc
1136 1182 1236 1219 tuus
1268 1181 1403 1219 cessat
1435 1175 1581 1219 dolor?

217 1248 264 1290 111
301 1247 642 1290 antecedentibus
675 1251 754 1299 (vs.
793 1246 922 1297 1290,
960 1247 1088 1297 1304,
1129 1247 1262 1299 1308)
1294 1249 1381 1289 13111
1416 1252 1480 1289 ter
1513 1246 1717 1290 Hercules
1751 1247 1803 1289 ad

218 1323 382 1375 patrem
414 1333 455 1361 se
488 1320 710 1369 convertit,
745 1332 897 1360 verum
929 1318 1027 1360 inde
1061 1332 1084 1359 a
1119 1333 1181 1360 vs.
1221 1317 1334 1359 1316
1368 1332 1593 1360 novercam
1619 1319 1804 1369 invocat,

217 1405 368 1446 parum
396 1394 491 1446 apte
518 1404 619 1446 ergo
648 1404 711 1432 vs.
741 1389 856 1431 1322
885 1394 1087 1445 quartum
1106 1394 1228 1444 pater
1255 1391 1299 1431 in
1327 1389 1406 1432 fine
1435 1404 1583 1432 versus
1610 1391 1803 1432 iteratur.

216 1461 556 1517 Temptaverim:
600 1475 712 1502 nunc
753 1461 862 1502 mihi
904 1462 1011 1502 irata
1047 1461 1211 1502 invicem
1241 1461 1246 1517 l
1277 1475 1381 1516 opus
1414 1465 1477 1503 est
1508 1475 1688 1504 noverca
1718 1463 1747 1503 i.
1766 1475 1803 1504 e.

215 1546 313 1574 cum
341 1546 484 1573 omnes
515 1545 738 1573 aerumnae
768 1531 980 1586 quondam
1011 1531 1182 1573 Iunonis
1208 1533 1271 1573 ira
1297 1531 1475 1574 Herculi
1504 1531 1802 1588 perpetiendae

214 1603 384 1653 fuerint,
419 1602 541 1644 heros
577 1616 689 1643 nunc
721 1600 834 1643 ultro
868 1605 1065 1657 precatur
1097 1605 1147 1644 ut
1178 1615 1358 1644 noverca
1389 1616 1432 1644 se
1464 1602 1628 1658 perdat.

274 1728 420 1770 Octav.
459 1726 515 1769 34

456 1797 640 1854 Fulgore
673 1799 816 1854 primo
851 1801 1074 1854 captuset
1105 1798 1210 1841 facie
1243 1813 1351 1841 nova

466 1868 628 1911 fallacis
660 1868 779 1911 aulae
812 1870 1004 1925 quisquis
1035 1871 1240 1912 attonitus
1274 1872 1428 1926 stupet.

466 1944 496 1990 Τ
527 1940 604 1981 sub
638 1954 720 1981 uno
754 1939 925 1982 latentis
958 1954 1049 1982 ecce
1082 1940 1290 1983 Fortunae
1321 1942 1486 1996 impetu

466 2010 590 2052 modo
624 2015 941 2066 praepotentem
973 2015 1115 2052 cernat
1147 2025 1338 2053 eversam
1371 2011 1545 2053 domum
1581 2024 1616 2052 e.
1637 2024 1728 2065 q.s.

227 2083 406 2125 Initium
447 2096 596 2124 versus
640 2080 695 2123 36
739 2095 910 2137 prorsus
945 2081 1164 2123 turbatum
1198 2086 1274 2123 est.
1307 2081 1503 2124 Fortasse
1535 2082 1594 2123 sic
1625 2082 1669 2122 in
1702 2082 1809 2122 inte-

225 2169 353 2211 grum
385 2145 555 2195 restitui
587 2156 747 2207 potest:

815 2211 923 2237 latentis

467 2264 550 2291 uno
584 2249 661 2290 sub
690 2262 782 2290 ecce
814 2264 950 2289 caecae
981 2248 1189 2291 Fortunae
1222 2250 1403 2304 impetu,

227 2335 324 2363 nam
369 2319 601 2362 verisimile
644 2323 706 2361 est
748 2318 927 2361 sciolum
969 2319 1178 2375 quendam
1211 2334 1346 2360 caecae
1377 2318 1585 2374 explicare
1618 2317 1805 2360 voluisse

225 2407 298 2448 per
324 2392 498 2441 latentis,
526 2393 667 2447 ipsum
697 2394 840 2432 autem
867 2391 1296 2446 interpretamentum
1320 2395 1465 2446 postea
1491 2403 1592 2433 voce
1619 2390 1805 2445 genuina

225 2462 348 2519 pulsa
379 2464 422 2504 in
455 2463 637 2504 auctoris
670 2461 798 2504 verba
830 2462 1063 2517 irrepsisse.

287 2599 432 2641 Octav.
469 2598 554 2639 514

466 2683 540 2710 nec
573 2668 665 2710 finis
697 2668 765 2710 hic
798 2669 956 2710 cruoris
989 2671 1062 2709 aut
1095 2668 1230 2710 caedis
1263 2669 1406 2710 stetit:

466 2754 618 2796 pavere
651 2738 840 2781 volucres
872 2743 913 2781 et
945 2740 1051 2780 feras
1085 2752 1231 2781 saevas
1265 2739 1338 2781 diu

465 2813 606 2853 tristes
639 2809 843 2865 Philippi,
875 2809 1011 2851 hausit
1041 2813 1084 2851 et
1115 2809 1309 2852 Siculum
1341 2824 1455 2852 mare

468 2882 618 2924 classes
651 2882 859 2936 virosque.

230 2952 356 2997 Haud
384 2954 467 2995 scio
494 2966 545 2994 an
573 2966 646 3008 pro
673 2951 806 2992 hausit
833 2951 1119 3006 reponendum
1142 2952 1196 2993 sit
1205 2951 1370 3005 pressit.
1398 2950 1648 3007 Comparare
1666 2949 1804 3006 possis
