1975 3376
966 165 991 208 7

189 291 316 347 signa
367 293 664 346 praecurrunt,
713 289 903 342 insiynem
947 288 1170 342 lmzyuorem
1212 291 1440 333 vocaverit.
1489 290 1772 343 Quamobrem

186 366 291 418 puto
323 362 526 418 primitus
558 362 602 403 in
634 359 773 403 codice
806 359 958 402 fuisse:

930 418 1044 453 insiqnis

424 458 469 499 in
506 457 753 513 corporibus
784 456 977 497 instantis
1002 456 1207 510 lanquoris
1241 458 1362 513 signa
1393 471 1428 500 e.
1448 472 1487 513 q.
1506 471 1538 500 s.

241 601 486 644 LXXXVII
519 601 577 644 24
620 615 721 658 ergo
762 601 867 643 bona
906 603 1023 644 nasci
1067 616 1118 644 ex
1162 602 1274 645 malo
1319 618 1400 645 non
1446 607 1636 659 possunt,
1669 619 1768 647 nam

181 673 231 722 si,
276 677 325 714 ut
363 673 510 723 dicitis,
546 673 597 714 ob
630 672 709 714 hoc
740 686 875 713 unum
907 672 1179 729 sacrilegium
1212 673 1376 715 malum
1409 679 1484 725 est,
1520 675 1630 730 quod
1660 675 1767 719 mul-

180 747 276 785 tum
319 742 423 785 mali
455 743 604 793 adfert,
639 744 674 784 si
706 744 920 784 remiserit
951 742 1017 784 illi
1049 743 1270 799 supplicia,
1303 746 1338 786 si
1371 747 1641 788 securitatem
1674 761 1767 802 spo-

178 813 388 870 ponderit,
423 828 471 856 ex
504 818 594 856 toto
626 814 786 856 bonum
820 815 912 855 erit.
949 816 1068 870 atqui
1099 816 1339 857 maximum
1373 815 1579 858 scelerum
1610 818 1768 874 suppli-

179 885 296 926 cium
328 885 372 925 in
403 885 507 940 ipsis
540 887 615 926 est.
652 882 748 938 ยง25
783 898 905 934 errae,
940 885 1129 940 inquam,
1164 886 1198 926 si
1229 884 1305 927 illa
1336 885 1388 928 ad
1421 886 1658 930 carnificem
1691 893 1764 931 aut

179 967 388 997 carcerem
420 955 574 1010 dzjffers.

239 1024 305 1066 Ex
347 1024 485 1066 dicitis
526 1024 648 1067 elicio
693 1028 736 1065 tu
776 1024 891 1075 dieis,
935 1038 1036 1067 nam
1075 1024 1183 1068 illud
1214 1026 1385 1069 videtur
1415 1031 1558 1070 ortum
1591 1043 1679 1072 esse
1711 1044 1762 1073 ex

253 1086 282 1109 tu

179 1120 295 1162 dieis.
338 1121 407 1163 Sic
450 1120 624 1163 demum
665 1121 778 1162 inter
818 1135 861 1162 se
901 1121 1154 1177 respondent
1194 1123 1294 1164 dieis
1336 1127 1378 1165 et
1408 1125 1448 1179 (ฮพ
1466 1123 1541 1177 25)
1573 1140 1682 1167 erras
1713 1130 1756 1168 et

177 1190 332 1247 differs.
361 1191 506 1234 Etiam
537 1191 636 1234 Nat.
670 1191 838 1243 Quaest.
872 1191 929 1234 VI
963 1191 1000 1244 6,
1021 1191 1047 1234 4
1077 1191 1239 1249 legitur
1269 1198 1312 1235 tu
1343 1194 1457 1237 dieis.
