1975 3376
891 223 946 266 13

187 343 328 387 Contr.
362 342 439 385 VII
471 343 511 394 6,
530 343 557 385 8
599 344 679 386 iste
723 357 837 394 vero,
870 347 919 386 ut
951 344 1075 395 dices,
1106 345 1309 386 iniuriam
1341 345 1421 386 tibi
1452 345 1562 395 fecit,
1598 347 1697 400 quia.

129 412 390 456 adfinitatem
423 417 544 455 tuam
575 417 764 456 moratus
798 418 873 456 est.
909 416 944 456 si
976 429 1058 457 non
1091 418 1303 467 cessasset3
1334 416 1421 457 iam
1450 415 1626 458 fortasse
1654 430 1705 458 ex

126 483 201 526 illo
233 487 403 539 nepotes
429 484 693 526 haberemus.
722 484 951 527 habeamus
978 499 1197 540 generum,
1228 487 1263 527 si
1290 499 1529 541 possumus,
1557 500 1703 540 parem

126 559 163 596 et
204 554 390 596 similem
402 568 412 605 ;
458 556 494 597 si
527 556 683 606 minus,
716 570 801 597 non
833 555 1177 606 erubescendum,
1211 557 1280 598 cui
1310 560 1514 612 cognatus
1547 557 1602 598 sit
1635 555 1708 598 ali-

128 626 223 680 quis
254 625 409 667 nobilis
442 640 476 668 e.
496 640 534 681 q.
555 640 585 668 s.

186 695 490 739 Coniunctione
539 696 784 753 copulativa
830 711 912 739 non
961 697 1216 740 disiunctiva
1262 698 1417 750 <‚,vel’')
1465 712 1569 753 opus
1617 712 1705 740 esse

126 765 308 809 declarat
351 767 462 809 infra
502 766 610 822 §20
653 781 734 823 quo
778 782 862 810 uno
904 767 1029 810 modo
1071 768 1244 810 honeste
1284 770 1418 823 potui,
1463 769 1542 810 feci
1573 768 1706 811 filiam

124 850 266 879 meam
292 839 441 880 ceteris
468 825 648 888 similem,
676 838 890 880 fortunam
919 852 1059 880 meam
1087 837 1278 894 publicae
1297 854 1451 892 parem.
1480 839 1535 881 Et
1562 842 1706 881 autem

125 908 446 950 commendatur
487 909 601 951 hisce
644 908 848 964 exemplis
894 907 1039 952 Contr.
1082 909 1124 950 X
1154 909 1292 951 Praef.
1326 908 1393 964 §6
1425 923 1490 951 res
1522 924 1629 952 nova
1663 913 1707 952 et

122 979 364 1030 invisitata;
399 978 518 1021 Suas.
554 977 593 1030 ’7,
615 978 640 1021 7
672 978 824 1035 fragile
858 983 901 1021 et
934 978 1162 1030 caducum;
1196 979 1298 1020 ibid.
1333 978 1426 1034 §ll
1461 979 1706 1022 humillimo

125 1054 166 1091 et
197 1049 485 1092 sordidissimo
497 1063 507 1101 3
542 1048 643 1092 ibid.
678 1049 743 1105 §9
777 1064 847 1092 oro
881 1053 923 1092 et
956 1051 1142 1093 obtestor
1172 1054 1251 1092 cet.

184 1191 326 1236 Contr.
371 1192 434 1234 IX
476 1192 613 1235 Praef.
648 1193 670 1247 ξ
699 1191 724 1233 3
769 1192 886 1234 adice
919 1206 1046 1242 nunc,
1083 1192 1193 1248 quod
1226 1193 1393 1234 animus
1424 1192 1513 1234 illis
1545 1192 1706 1235 nullius

122 1264 368 1306 interventu
400 1265 638 1305 excutitur:
670 1277 794 1305 nemo
826 1263 950 1313 ridet,
983 1277 1106 1305 nemo
1135 1278 1186 1305 ex
1213 1263 1423 1305 industria
1449 1263 1703 1319 obloquitur,

122 1334 352 1376 familiares
395 1337 493 1376 sunt
534 1335 730 1375 omnium
762 1333 922 1375 vultus.
962 1335 1007 1375 in
1039 1334 1144 1385 foro,
1178 1337 1227 1375 ut
1258 1333 1367 1375 nihil
1398 1333 1528 1385 aliud,
1561 1336 1705 1390 ipsum

121 1405 218 1447 illos
248 1405 389 1448 forum
420 1405 577 1447 turbat.
609 1405 700 1455 hoc,
735 1403 846 1460 quod
878 1403 1010 1461 vulgo
1043 1408 1252 1456 narratur,
1286 1419 1338 1447 an
1370 1419 1522 1447 verum
1555 1406 1623 1454 sit,
1659 1408 1706 1447 tu

123 1475 277 1518 melius
319 1479 437 1532 potes
480 1477 608 1517 scire:
651 1475 878 1517 Latronem
923 1476 1136 1525 Porcium,
1180 1475 1501 1518 declamatoriae
1531 1477 1706 1518 virtutis

121 1549 297 1589 unicum
340 1545 598 1602 exemplum,
642 1561 740 1588 cum
782 1561 857 1602 pro
900 1561 969 1588 reo
1012 1548 1056 1588 in
1099 1546 1305 1602 Hispania
1337 1547 1511 1589 Rustico
1545 1547 1705 1597 Porcio,

121 1619 356 1674 propinquo
389 1632 480 1668 suo,
514 1617 684 1667 diceret,
713 1631 846 1673 usque
873 1632 920 1659 eo
949 1632 1037 1659 esse
1067 1618 1303 1668 confusum,
1332 1621 1381 1659 ut
1407 1631 1430 1660 a
1457 1617 1704 1660 soloecismo

121 1691 337 1745 inciperet,
380 1702 455 1730 nec
496 1691 590 1729 ante
634 1689 824 1743 potuisse
866 1687 1106 1730 confirmari
1142 1720 1270 1730 .....
1304 1702 1350 1730 ac
1374 1688 1571 1742 parietem
1605 1689 1706 1730 desi-

125 1759 356 1809 derantem,
399 1772 527 1814 quam
568 1760 830 1814 impetravit,
874 1763 922 1800 ut
964 1759 1174 1801 iudicium
1206 1773 1256 1801 ex
1288 1759 1376 1801 foro
1408 1760 1452 1801 in
1484 1758 1703 1801 basilicam

125 1830 437 1872 transferretur.

181 1900 230 1942 In
262 1899 424 1950 lacuna,
458 1914 586 1955 quam
620 1913 746 1955 supra
777 1899 978 1950 indicavi,
1013 1899 1199 1942 Mueller
1226 1899 1442 1955 supplevit
1469 1905 1621 1952 tectum,
1657 1904 1702 1942 at

121 1971 342 2027 Kiessling
372 1971 494 2012 atria.
528 1970 832 2012 Desideramus
865 1974 1009 2012 autem
1042 1971 1235 2021 verbum,
1268 1985 1349 2026 quo
1380 1970 1592 2013 indicatur
1624 1985 1701 2022 res,

121 2056 249 2098 quam
290 2045 456 2097 praeter
489 2041 687 2094 parietem
720 2042 763 2082 in
797 2041 1007 2083 auditorio
1042 2043 1242 2083 recitator
1273 2045 1369 2083 ante
1400 2056 1442 2085 se
1476 2041 1581 2085 solet
1613 2057 1706 2085 con-

121 2114 292 2169 spicere.
326 2112 529 2165 Quocirca
560 2112 798 2155 addendum
833 2126 922 2154 esse
956 2127 1101 2155 censeo
1134 2112 1334 2154 subsellia.

184 2255 328 2300 Contr.
354 2255 418 2297 IX
447 2254 487 2305 2,
507 2254 562 2297 25
591 2254 730 2297 Rufus
758 2254 907 2296 Vibius
934 2258 1036 2306 erat,
1065 2256 1137 2310 qui
1164 2256 1337 2310 antiquo
1354 2269 1507 2311 genere
1525 2256 1703 2310 diceret;

122 2326 232 2369 belle
273 2327 398 2368 cessit
439 2325 506 2367 illi
535 2327 744 2368 sententia
776 2325 1023 2367 sordidioris
1057 2329 1206 2368 notae:
1239 2329 1406 2381 praetor
1437 2326 1488 2368 ad
1520 2328 1705 2370 occiden-

125 2398 229 2439 dum
270 2397 488 2439 hominem
519 2396 653 2439 soleas
687 2398 890 2452 poposcit.
926 2396 1056 2438 altera
1083 2397 1272 2438 eiusdem
1304 2398 1485 2452 generis,
1520 2397 1591 2440 sed
1622 2413 1704 2441 non

126 2467 316 2510 eiusdem
358 2481 574 2509 successus
617 2469 848 2510 sententia:
883 2482 982 2509 cum
1013 2467 1268 2522 deplorasset
1299 2467 1581 2510 condicionem
1615 2471 1704 2513 vio-

124 2538 257 2581 latam
301 2539 534 2580 maiestatis
578 2542 620 2581 et
663 2538 1012 2581 consuetudinem
1045 2533 1256 2579 maiorum
1290 2537 1590 2594 descripsisset,
1622 2554 1704 2595 qua

125 2623 291 2665 semper
330 2608 567 2652 voluissent
607 2609 659 2651 ad
701 2608 960 2664 supplicium
994 2605 1167 2666 (mane)
1202 2607 1408 2659 advocari,
1451 2612 1702 2653 sententiam

126 2680 256 2722 dixit:
291 2683 335 2721 at
365 2694 476 2721 nunc
508 2693 531 2721 a
562 2682 752 2735 praetore
785 2679 880 2735 lege
913 2683 1056 2721 actum
1087 2683 1150 2721 cst
1182 2678 1232 2720 ad
1263 2678 1491 2722 lucernam.

185 2750 461 2801 Adverbium,
506 2750 616 2806 quod
659 2751 813 2801 addidi,
858 2752 1018 2807 optime
1051 2752 1094 2792 in
1126 2752 1378 2792 sententiam
1411 2751 1612 2807 quadrare
1644 2755 1704 2796 vi-

125 2821 261 2865 detur.
314 2821 533 2863 Praeterea
580 2822 891 2864 observandum
941 2825 1005 2863 est
1052 2822 1180 2863 etiam
1229 2823 1436 2863 memoria
1476 2826 1618 2866 nostra
1658 2826 1703 2866 in

124 2892 298 2935 Francia
333 2892 382 2934 de
414 2893 562 2948 capitis
595 2892 806 2935 damnatis
838 2893 975 2948 prima
1005 2891 1100 2934 luce
1135 2891 1392 2948 supplicium
1425 2894 1551 2936 sumi.
