1975 3376
412 748 509 805 AD
551 746 863 805 SENECAE
903 746 1290 805 EPISTULAS
1331 747 1674 807 MORALES.

310 1104 416 1146 XIX
451 1103 475 1145 6
509 1104 603 1159 quis
631 1104 770 1145 exitus
798 1101 904 1144 erit?
932 1102 1033 1158 quid
1060 1106 1286 1158 exspectas,
1319 1102 1448 1145 donec
1475 1102 1638 1144 desinas
1665 1102 1831 1154 habere,

250 1176 360 1231 quod
388 1172 559 1230 cupias?
587 1187 822 1229 numquam
851 1175 929 1215 erit
958 1177 1140 1228 tempus.
1169 1173 1338 1229 qualem
1365 1173 1546 1215 dicimus
1573 1173 1725 1215 seriem
1743 1187 1832 1216 esse

249 1237 485 1297 causarum,
529 1259 579 1287 ex
621 1245 776 1300 quibus
817 1246 1002 1286 nectitur
1044 1245 1193 1296 fatum,
1240 1244 1370 1286 talem
1405 1258 1493 1286 esse
1529 1243 1711 1301 <neeesse
1741 1244 1828 1302 est>

249 1317 557 1373 cupiditatum:
592 1315 723 1357 altera
755 1329 806 1357 ex
837 1315 918 1357 fine
951 1314 1126 1357 alterius
1158 1317 1357 1357 nascitur.

309 1387 427 1440 Quod
458 1389 628 1437 inserui,
662 1387 804 1428 crebro
838 1386 949 1441 apud
978 1386 1180 1428 Senecam
1207 1386 1381 1443 legitur,
1411 1386 1531 1428 velut
1558 1386 1635 1442 Ep.
1665 1385 1742 1430 XC
1772 1386 1829 1430 32

249 1474 398 1500 necesse
439 1462 497 1499 est
539 1458 653 1499 enim
697 1462 792 1499 ante
834 1457 1131 1499 Democritum
1173 1461 1215 1499 et
1258 1461 1405 1513 pontes
1438 1461 1480 1499 et
1512 1462 1653 1512 portas
1675 1458 1828 1512 fuisse,

248 1544 428 1586 quarum
470 1529 555 1571 fere
596 1543 764 1570 summa
796 1536 1021 1580 curvatum
1064 1527 1174 1571 Dial.
1209 1529 1250 1570 X
1281 1528 1348 1580 (de
1380 1529 1495 1570 brev.
1529 1530 1626 1579 vit.)
1660 1528 1699 1579 7,
1719 1528 1744 1570 5
1776 1530 1830 1571 iis

248 1616 346 1644 vero
378 1615 527 1642 neeesse
558 1605 614 1641 est
645 1600 834 1656 dffuisse,
869 1614 920 1641 ex
953 1614 1136 1655 quorum
1163 1602 1252 1642 vita
1278 1599 1465 1641 multum
1494 1599 1678 1655 populus
1706 1599 1827 1653 tulit3

249 1672 349 1714 Nat.
380 1671 549 1724 Quaest.
582 1669 661 1712 IVb
696 1670 720 1712 9
753 1671 838 1723 (his
870 1671 1130 1726 corporibus)
1162 1685 1313 1711 necesse
1344 1675 1400 1711 esc
1432 1672 1597 1713 minora
1624 1671 1831 1713 foramina

249 1758 330 1784 esse
343 1761 359 1792 ;
393 1747 436 1784 at
465 1743 662 1797 iungitur
690 1755 787 1783 cum
816 1742 1086 1784 coniunctivo
1116 1740 1213 1783 Nat.
1244 1741 1412 1793 Quaest.
1431 1740 1508 1783 VII
1537 1741 1607 1792 14,
1627 1741 1653 1782 2
1681 1741 1829 1784 deinde

247 1814 357 1869 quod
385 1817 524 1855 tantae
552 1812 843 1855 crassitudinis
871 1816 946 1863 est,
977 1827 1128 1853 necesse
1149 1816 1206 1853 est
1223 1817 1262 1854 et
1281 1813 1429 1868 magni
1445 1812 1642 1868 ponderis
1658 1813 1732 1862 ⁸22,-
1749 1816 1827 1856 cet.

306 1959 454 2001 XXXI
488 1958 511 2000 5
554 1973 779 2014 generosos
820 1959 983 2001 animos
1023 1957 1141 2001 labor
1172 1959 1322 2000 nutrit.
1355 1973 1438 2000 non
1471 1962 1534 2000 est
1565 1973 1680 2015 ergo,
1715 1959 1829 2015 quod

246 2045 296 2072 ex
337 2030 410 2072 illo
454 2033 594 2072 vetere
625 2034 655 2079 †
690 2035 916 2085 parentum
948 2034 1119 2071 tuorum
1155 2029 1303 2085 eligas,
1339 2029 1440 2084 quid
1472 2031 1715 2086 contingere
1747 2031 1825 2072 tibi

248 2101 363 2151 velis,
398 2101 499 2156 quid
531 2105 670 2156 optes:
705 2105 745 2142 et
776 2102 820 2142 in
852 2105 993 2142 totum
1024 2101 1112 2142 iam
1142 2114 1215 2155 per
1247 2101 1434 2141 maxima
1460 2105 1551 2142 acto
1581 2102 1674 2143 viro
1702 2104 1825 2157 turpe

245 2177 308 2214 est
339 2173 581 2213 etiamnunc
614 2171 710 2213 deos
741 2171 934 2227 fatigare.

305 2242 449 2284 Solent
493 2242 671 2284 editores
713 2246 808 2297 post
851 2246 978 2283 vetere
1019 2241 1170 2284 addere
1202 2246 1300 2291 voto,
1333 2241 1405 2283 sed
1438 2243 1579 2297 potius
1612 2245 1826 2298 exspecta-

245 2314 378 2355 veris:
408 2312 519 2368 quod
546 2327 597 2355 ex
622 2311 699 2354 illo
728 2319 870 2354 vetere
895 2317 1121 2368 parentum
1148 2316 1322 2354 tuorum
1343 2309 1507 2371 (more)
1527 2311 1659 2369 eligas
1687 2326 1721 2355 e.
1737 2327 1774 2368 q.
1789 2327 1822 2355 s.

246 2385 354 2439 Apte
396 2385 681 2438 composueris
724 2383 858 2439 Epist.
900 2382 1037 2425 LXVI
1079 2381 1134 2425 27
1178 2384 1314 2425 virtus
1357 2397 1522 2438 quoque
1567 2397 1691 2439 opera
1732 2397 1820 2436 sua,

245 2467 349 2509 quae
381 2454 497 2495 videt
529 2453 648 2495 adfici
681 2458 722 2496 et
754 2455 903 2509 premi,
938 2468 1020 2495 non
1053 2455 1192 2510 magis
1224 2457 1353 2504 amat,
1396 2453 1467 2495 sed
1492 2454 1721 2507 parentium
1753 2455 1823 2497 bo-

244 2538 396 2566 norum
427 2539 528 2565 more
560 2525 699 2580 magis
731 2523 1026 2580 complectitur
1058 2538 1105 2566 ac
1137 2524 1266 2566 fovet.

304 2669 482 2711 LXXIV
525 2668 580 2710 33
623 2668 984 2724 quemadmodum
1027 2671 1070 2711 in
1113 2671 1356 2726 corporibus
1398 2670 1569 2724 insiynis
1601 2669 1820 2726 languoris

243 2742 365 2796 signa
406 2744 693 2795 praecurrunt,
737 2740 943 2795 quaedam
985 2742 1098 2782 enim
1141 2742 1324 2797 segnitia
1365 2742 1529 2783 enervis
1562 2743 1625 2783 est
1657 2744 1698 2782 et
1731 2741 1820 2783 sine

242 2810 384 2852 labore
416 2809 503 2852 ullo
536 2809 741 2852 lassitudo
773 2815 814 2852 et
848 2812 1040 2853 oscitatio
1073 2816 1114 2853 et
1147 2811 1295 2853 horror
1328 2811 1519 2853 membra
1550 2823 1818 2866 percurrens:

243 2883 301 2923 sic
326 2880 519 2922 infirmus
547 2883 714 2922 animus
741 2880 879 2923 multo
907 2886 1002 2924 ante
1029 2896 1156 2937 quam.
1184 2884 1448 2938 opprimatur
1473 2881 1596 2924 malis
1613 2883 1817 2936 quatitur.

301 2951 478 3005 Insiqnis
505 2965 579 3007 pro
606 2950 862 3008 glossemate
889 2952 1034 3004 habeo,
1062 2954 1123 2995 ita
1150 2963 1199 2995 ut
1224 2955 1430 3010 interpres
1456 2953 1669 3004 morbum,
1696 2954 1818 2995 cuius
