1975 3376
1005 212 1058 255 14

298 337 418 380 81135.
453 335 494 388 2,
515 336 537 377 1
574 349 596 378 o
630 333 962 384 Lacedaemonii,
995 335 1055 376 ite
1090 333 1291 376 adversus
1322 332 1519 376 barbaros
1531 347 1541 385 3
1576 347 1657 375 non
1682 332 1818 375 refero

237 422 361 465 opera
403 411 557 458 vestra,
602 420 684 448 non
729 418 841 455 avos,
875 419 958 446 non
990 409 1144 460 patres,
1177 418 1360 459 quorum
1390 404 1510 446 vobis
1544 402 1736 459 exemplo
1768 403 1820 445 ab

236 480 415 522 infantia
456 478 596 533 surgit
637 476 876 532 ingenium.
921 475 1053 531 pudet
1095 475 1445 518 Lacedaemonios
1487 476 1546 517 sic
1583 474 1820 517 adhortari:

239 551 344 595 filia-0
377 550 462 590 tuti
497 561 659 589 sumus.

298 620 644 675 Exspectaveris:
689 617 775 671 ipso
819 617 901 658 loco
935 618 1020 658 tuti
1053 631 1215 658 sumus.
1248 615 1328 658 Sed
1360 619 1504 658 utrum
1528 615 1647 670 filieo
1680 618 1822 658 ortum

237 693 292 733 sit
323 705 374 734 ex
401 689 693 745 dittographia
720 687 902 744 quadam
929 688 1009 739 (sie
1038 690 1137 740 loco)
1164 701 1214 729 an
1244 701 1293 729 ex
1321 689 1546 742 nescioquo
1574 685 1824 742 compendio

237 762 469 817 scripturae
501 759 636 801 dicere
669 773 748 801 11011
782 760 934 800 ausim.

297 882 417 925 81135.
462 881 503 932 2,
523 880 548 923 3
592 880 644 923 ad
677 884 835 923 certam
867 880 1090 922 victoriam
1124 893 1268 922 omnes
1295 881 1619 930 remansissent;
1653 879 1705 921 ad
1737 893 1826 922 cer-

236 958 324 996 tam
350 956 535 995 mortem
565 955 732 994 tantum
761 951 957 994 Lacones.
992 966 1040 993 ne
1063 951 1117 992 sit
1142 951 1293 1006 Sparta
1309 950 1523 1007 lapidibus
1540 949 1824 993 circumdata:

235 1025 296 1067 ibi
328 1038 472 1066 muros
503 1023 645 1073 habet,
679 1022 755 1064 ubi
785 1023 913 1064 viros.

297 1094 449 1137 Novak
470 1094 500 1147 ¹)
533 1094 677 1136 docuit
709 1093 820 1149 apud
854 1092 1055 1135 Senecam
1089 1096 1253 1148 patrem
1287 1093 1331 1134 in
1365 1093 1585 1134 sententiis
1618 1093 1823 1134 concessi-

235 1167 302 1208 vis
328 1167 600 1221 uegationem
629 1178 718 1206 esse
745 1179 836 1215 non,
863 1165 1006 1219 itaque
1035 1162 1261 1205 lectionem
1288 1178 1336 1204 ne
1359 1163 1414 1204 sit
1441 1167 1550 1205 stare
1578 1177 1659 1205 11011
1686 1177 1821 1219 posse.

238 1237 442 1289 Quocirca
473 1237 660 1278 conicio:
694 1249 790 1276 sane
823 1249 898 1276 non
932 1236 987 1276 sit
1019 1233 1170 1290 Sparta
1200 1234 1414 1290 lapidibus
1447 1234 1729 1276 circumdata:
1762 1234 1825 1276 ibi

237 1323 383 1351 muros
425 1308 586 1358 habet,v
610 1307 686 1349 ubi
729 1308 856 1350 viros.
890 1307 992 1347 Sane
1021 1311 1133 1348 certe
1166 1307 1333 1362 saepius
1364 1307 1407 1347 111
1442 1304 1751 1348 Controversiis
1782 1308 1826 1347 et

239 1379 450 1422 Suasoriis
482 1379 677 1421 occurrit.

299 1501 419 1544 81135.
458 1499 497 1551 7,
517 1499 542 1542 2
586 1499 801 1542 intellexit
833 1499 1044 1541 Antonius
1078 1498 1206 1541 salvis
1239 1498 1500 1555 eloquentiae
1532 1499 1824 1541 monumentis

240 1587 323 1614 non
356 1586 478 1628 posse
512 1570 756 1614 Ciceronem
788 1571 912 1612 mori.
946 1570 997 1612 ad
1029 1572 1269 1625 pactionem
1302 1571 1480 1621 vocaris,
1520 1584 1602 1625 qua
1633 1571 1824 1626 pactione

239 1642 392 1685 melior
425 1643 486 1696 [in
517 1644 571 1696 te]
605 1655 701 1697 pars
734 1643 800 1683 tui
831 1642 1006 1697 petitur.

300 1713 527 1755 Manifesto
561 1716 660 1754 sunt
691 1712 820 1754 verba
853 1711 895 1752 in
931 1710 1031 1764 te2),
1067 1726 1172 1767 quae
1200 1710 1442 1760 cancellavi‚
1471 1710 1695 1767 glossema.
1729 1710 1826 1753 For-

1185 1771 1214 1796 in
1234 1772 1258 1796 tc

239 1814 349 1852 tasse
383 1808 489 1851 olim
521 1809 564 1849 in
596 1807 718 1850 libris
751 1808 856 1850 suit:
891 1808 1027 1850 melior
1049 1823 1151 1861 pars
1184 1808 1244 1849 tui
1268 1808 1435 1861 petitur.

300 1879 570 1923 Contrarium
602 1880 846 1921 invenimus
872 1879 982 1921 infra
1010 1879 1049 1934 (ξ
1068 1878 1136 1931 8);
1164 1878 1373 1920 vilissima
1398 1892 1494 1934 pars
1521 1879 1586 1920 tui
1614 1881 1689 1930 est,
1719 1891 1824 1934 quae

239 1952 319 1993 tibi
350 1949 422 1992 vel
455 1951 561 2005 eripi
596 1949 662 1992 ve]
697 1949 843 1991 donari
875 1952 1026 2005 potest.

298 2020 429 2064 Aliud
476 2019 684 2062 emblema
731 2020 1038 2076 deprehendere
1085 2020 1195 2061 mihi
1236 2021 1354 2062 visus
1397 2034 1493 2061 sum
1535 2019 1655 2061 Suas.
1702 2018 1741 2071 6,
1768 2017 1821 2060 15

240 2093 388 2148 Itaque
431 2105 666 2147 numquam
700 2105 774 2146 per
806 2089 1047 2134 Ciceronem
1082 2104 1200 2133 mora
1234 2091 1330 2142 fuit,
1363 2092 1464 2146 quin
1498 2092 1680 2132 eiuraret
1713 2103 1824 2139 51135,

241 2178 343 2219 quas
376 2162 650 2218 cupidissime
683 2162 898 2214 effuderat,
932 2163 1140 2203 orationes
1170 2163 1213 2202 in
1247 2161 1503 2211 Antonium3
1548 2159 1828 2216 multiplices-

241 2248 321 2290 que
365 2247 542 2275 numero
585 2237 627 2274 et
668 2234 906 2274 accuratius
939 2233 1115 2287 scriptas
1147 2231 1234 2273 illis
1267 2233 1495 2273 contrarias
1528 2231 1648 2273 edere
1680 2245 1726 2273 ac
1758 2229 1828 2272 vel

239 2306 330 2360 ipse
371 2303 512 2359 palam
555 2317 629 2359 pro
674 2305 866 2345 contione
907 2304 1083 2344 recitare
1125 2302 1406 2358 pollicebatur
1438 2306 1671 2357 ceteraque.
1694 2300 1727 2354 ³)
1759 2301 1825 2342 his

241 2375 323 2417 alia
350 2375 582 2417 sordidiora
608 2374 745 2416 multo
773 2374 925 2416 adiecit
945 2372 990 2425 3),
1019 2377 1069 2415 ut
1095 2373 1207 2427 [tibi]
1235 2371 1355 2414 facile
1381 2372 1561 2428 liqueret
1587 2373 1666 2415 hoc
1682 2375 1822 2414 totum

241 2446 341 2488 adeo
383 2445 538 2487 falsum
580 2459 683 2495 esse,
725 2449 775 2487 ut
814 2459 866 2486 ne
909 2446 999 2499 ipse
1041 2443 1213 2499 quidem
1256 2442 1394 2485 Pollio
1435 2444 1480 2484 in
1513 2443 1703 2485 historiis
1734 2443 1821 2484 suis

241 2530 395 2573 ponere
427 2530 554 2558 ausus
587 2517 656 2558 sit.

307 2587 394 2628 Tibi
434 2588 484 2629 ab
525 2587 602 2629 hoc
635 2586 728 2629 loco
761 2585 949 2628 alienum
983 2599 1070 2627 esse
1103 2585 1335 2642 apparebit,
1370 2586 1405 2626 si
1437 2584 1668 2627 contuleris
1699 2583 1820 2626 81135.

244 2657 283 2709 ’7,
305 2658 329 2700 3
372 2659 483 2700 mori
525 2659 638 2700 enim
680 2660 855 2699 naturae
887 2656 982 2698 finis
1016 2660 1092 2708 est,
1128 2670 1208 2698 non
1243 2669 1387 2712 poena.
1419 2656 1497 2698 hoc
1529 2655 1602 2697 tibi
1632 2656 1708 2697 uni
1741 2668 1822 2696 non

241 2727 408 2785 liquet?

288 2861 319 2900 1)
344 2860 392 2892 1.1.
414 2871 488 2902 pag.
513 2859 588 2891 263.
1077 2858 1111 2898 2)
1138 2857 1276 2889 Mueller
1300 2857 1401 2890 edidit
1425 2860 1499 2889 anie
1519 2860 1558 2889 te.

287 2915 317 2955 3)
345 2914 538 2946 Emendavit
560 2912 674 2945 Novz‘tk
699 2913 756 2953 (1.1.
782 2924 856 2956 pag.
882 2912 970 2952 268).
