1975 3376
970 190 1025 232 34

208 314 258 356 ab
285 313 372 355 illis
400 314 528 356 fuerit
554 313 732 356 Romani
758 315 929 370 imperii
955 315 1142 370 appetita
1169 314 1407 369 captivum,
1435 313 1486 355 ab
1512 313 1578 355 his
1606 314 1786 369 repetita

204 383 403 427 libertas?

266 455 381 498 Haeo
428 456 551 498 verba
594 458 784 511 spectant
826 455 878 498 ad
920 455 1009 506 illa,
1054 468 1160 511 quae
1192 453 1317 510 paulo
1352 468 1479 510 supra
1509 455 1786 497 inveniuntur

208 533 321 584 (pag.
357 526 456 577 301,
477 526 521 578 3)
552 540 634 568 non
667 527 896 568 contendam
929 526 1054 569 duces
1090 557 1217 568 .....
1251 525 1353 581 quid
1384 527 1427 567 in
1460 527 1608 568 ceteris
1641 525 1785 568 saltim

206 597 345 640 simile
387 596 761 652 deprehendemus,
804 599 991 639 maxime
1033 598 1068 638 si
1109 610 1252 638 rerum
1294 600 1621 651 temporumque
1659 595 1786 637 facies

207 668 453 711 altrinsecus
495 668 744 722 conferamus
787 672 829 710 et
869 668 945 710 hos
986 667 1167 723 illosque
1211 665 1387 723 populos
1419 668 1660 708 animorum
1692 665 1787 708 sub-

206 741 384 781 iciamus
426 736 587 780 oeulis?
629 737 914 790 Quamobrem
951 753 1001 780 ex
1035 752 1115 780 usu
1147 737 1514 794 Panegyrieorum
1546 751 1621 792 pro
1653 740 1697 777 ut
1729 737 1789 778 vi·

207 809 331 852 detur
371 808 661 865 reponendum
704 823 792 851 esse
835 809 1008 865 inquam.
1052 808 1145 851 Hoc
1178 809 1352 851 fortasse
1383 821 1457 864 per
1488 807 1788 862 compendium

207 885 414 940 seriptum
445 884 529 926 fere
553 877 629 940 {q}
660 884 766 926 abiit
795 885 839 926 in
872 887 930 926 ut.

268 1029 353 1071 XII
385 1029 442 1071 36
474 1034 589 1086 (pag.
624 1029 818 1082 304,14)
851 1029 1016 1072 diversa
1047 1027 1303 1084 reipublicae
1336 1028 1539 1070 membra.

268 1100 384 1143 Haeo
414 1099 573 1142 locutio
605 1101 738 1155 petita
770 1104 834 1141 est
864 1113 914 1142 ex
949 1100 1090 1141 Amm.
1118 1098 1309 1141 Marcell.
1339 1097 1415 1141 XV
1435 1097 1474 1148 3,
1494 1097 1520 1140 3
1550 1096 1618 1140 vel
1646 1096 1789 1139 XVIII

211 1170 252 1221 5,
274 1171 294 1212 1
312 1185 322 1222 ;
356 1175 571 1226 praeterea
603 1171 737 1226 possis
769 1183 1008 1225 comparare
1040 1170 1182 1211 Amm.
1216 1168 1407 1212 Marcell.
1442 1168 1563 1211 XXV
1597 1168 1637 1220 9,
1657 1167 1682 1209 5
1716 1181 1789 1223 per

208 1243 350 1284 omnia
382 1242 569 1284 civitatis
599 1241 791 1283 membra
821 1245 899 1283 eet.
924 1239 967 1293 ¹).

268 1387 351 1430 XII
385 1387 441 1430 46
475 1391 590 1444 (pag.
625 1386 726 1438 313,
748 1387 820 1438 16)
851 1388 920 1429 eui
953 1386 1134 1429 Alliensi
1166 1386 1233 1428 die
1264 1385 1465 1428 Emathia
1497 1385 1717 1427 funestior.

267 1458 350 1501 Hie
399 1459 573 1500 fortasse
621 1459 775 1501 Pacato
821 1458 872 1500 ob
919 1457 1062 1500 oculos
1103 1461 1268 1499 versata
1315 1460 1414 1499 sunt
1459 1456 1621 1498 Lucani
1662 1455 1789 1498 verba

208 1529 317 1581 (Lib.
353 1529 386 1580 Ι,
423 1529 465 1581 1)

389 1598 509 1641 Bella
541 1614 615 1656 per
648 1599 871 1642 Emathios
904 1598 999 1655 plus
1031 1594 1159 1655 quam
1192 1597 1337 1641 civilia
1369 1611 1553 1654 campos,

389 1670 544 1726 Iusque
577 1670 724 1713 datum
757 1669 902 1713 sceleri
935 1671 1126 1712 canimus
1159 1684 1193 1712 e.
1213 1684 1251 1725 q.
1272 1683 1303 1712 e.

256 1834 286 1874 1)
317 1834 355 1865 In
389 1833 543 1876 opusculo
577 1844 659 1871 meo,
691 1833 743 1864 cui
775 1832 891 1864 titulus
923 1837 971 1864 est
1007 1832 1198 1864 Ammianea
1230 1836 1260 1863 et
1293 1834 1479 1870 Annaeana,
1512 1831 1605 1873 plura
1636 1830 1793 1862 eiusmodi

210 1889 355 1931 exempla
380 1888 522 1930 congessi
546 1899 617 1930 pag.
643 1889 674 1920 5.
