1975 3376
944 170 994 210 11

180 293 404 348 posueritis
446 291 621 334 domum
663 290 858 333 meliores
891 291 1144 347 perdentem
1177 291 1339 333 divitiis
1371 291 1460 333 suis
1488 290 1654 334 liberos.
1688 292 1766 334 hoc

182 363 268 404 scio
303 359 493 418 (animo)
528 367 690 405 nostros
721 362 849 404 fuisse
883 363 1075 413 maiores,
1110 362 1188 404 hoc
1221 360 1348 403 illum
1379 360 1554 403 Aelium
1580 361 1766 404 Tubero-

178 446 289 484 nem,
337 434 458 475 cuius
505 438 730 488 paupertas
771 433 912 475 virtus
955 432 1050 481 fuit,
1096 432 1173 474 hoc
1216 431 1459 474 Fabricium
1499 431 1760 474 Samnitium

178 517 260 545 non
304 504 581 558 accipientem
613 515 804 552 munera,
836 501 913 543 hoc
945 505 1102 543 ceteros
1134 505 1274 557 patres
1306 506 1483 552 nostros,
1517 515 1622 557 quos
1654 502 1765 558 apud

179 576 317 615 aratra
347 575 438 629 ipsa
470 575 683 616 minantes
715 586 863 628 pecora
895 586 970 614 sua
1003 574 1374 615 circumsteterunt
1402 572 1582 614 lictores.

238 647 479 690 Verisimile
512 652 574 690 est
606 633 671 689 ιῖἷο
701 651 769 699 (=
786 648 944 697 animo)
972 647 1175 689 excidisse
1202 651 1298 702 post
1323 647 1416 697 seio,
1445 661 1526 689 non
1554 650 1649 702 post
1676 648 1760 690 hoo.

171 719 394 761 Praeterea
422 720 494 774 qui
521 718 702 760 attendit
729 718 958 760 verborum
987 716 1304 759 collocationes:
1329 722 1515 759 sescenta
1542 721 1756 773 praetereo

171 789 275 841 alia;
307 791 437 831 istam
469 790 695 845 posueritis
728 788 927 839 domu1n3
962 792 1126 830 nostros
1160 788 1289 830 fuisse
1322 789 1527 838 maiores3
1562 789 1756 844 probabit

171 861 326 916 potius,
360 859 473 915 quod
506 859 615 902 dedi.

235 928 380 972 Contr.
423 929 486 972 IX
529 929 646 981 2,18
690 929 897 984 quaedam
929 930 1238 971 controversiae
1271 933 1384 980 sunt,
1417 931 1463 971 in
1495 930 1649 985 quibus
1681 931 1760 972 fac-

174 1005 267 1043 tum
300 1001 468 1043 defendi
499 1005 652 1056 potest,
687 1002 879 1042 excusari
912 1015 995 1042 non
1028 1004 1187 1055 potest3
1223 1015 1273 1042 ex
1301 1001 1454 1055 quibus
1483 1005 1546 1042 est
1576 1004 1617 1042 et
1644 1001 1758 1043 haec.

171 1085 253 1113 non
286 1085 516 1127 possumus
549 1071 724 1122 efficere,
758 1075 806 1111 ut
838 1075 1008 1126 propter
1038 1071 1116 1112 hoc
1149 1085 1231 1112 non
1265 1072 1319 1112 sit
1355 1068 1507 1126 <st-eus>
1536 1072 1761 1126 reprehen-

173 1141 357 1194 dendus;
391 1156 472 1183 non
506 1155 748 1197 speramus,
782 1149 830 1182 ut
860 1141 985 1183 illum
1018 1141 1144 1182 iudex
1178 1142 1338 1197 probet,
1373 1141 1444 1183 sed
1471 1146 1519 1182 ut
1546 1141 1757 1193 dimittam

170 1214 314 1268 itaque
357 1213 416 1255 sic
458 1227 582 1269 agere
625 1212 840 1262 debemus,
884 1216 1104 1267 tamquam
1147 1226 1222 1268 pro
1266 1212 1374 1254 facto
1407 1226 1489 1254 non
1522 1212 1758 1264 emendato,

172 1297 255 1325 non
287 1285 490 1325 scelerato
524 1286 680 1325 tamen.

233 1354 368 1396 Nemo
410 1368 490 1396 non
532 1352 762 1409 intellegit,
794 1353 1153 1408 quemadmodum
1188 1355 1276 1395 sine
1309 1352 1398 1395 ullo
1430 1355 1600 1409 negotio
1632 1353 1758 1396 libra-

170 1426 260 1466 rius
292 1425 569 1480 subsequenti
599 1423 803 1466 vocabulo
836 1424 1034 1479 deceptus
1066 1440 1155 1465 reus
1188 1426 1524 1480 praetermittere
1552 1426 1753 1480 potuerit.

171 1495 314 1537 Simili
346 1497 508 1538 ratione
540 1498 779 1537 commotus
811 1496 990 1538 scribere
1023 1495 1179 1538 velim:

231 1565 352 1608 Suas.
398 1565 483 1616 7,2
526 1567 711 1621 ignosce,
755 1564 913 1617 Cicero,
947 1566 1020 1608 diu
1055 1563 1152 1621 (si)
1186 1567 1267 1608 ista
1299 1579 1546 1609 narravero:
1581 1566 1754 1608 forsitan

170 1636 248 1678 hoc
280 1636 347 1678 die
378 1638 609 1679 novissime
642 1636 889 1679 audiuntur.

231 1777 374 1822 Contr.
418 1778 459 1821 II
502 1777 584 1831 7,3
633 1782 803 1834 tempus
844 1782 920 1830 est,
964 1779 1136 1830 iudices,
1180 1779 1230 1821 de
1273 1793 1402 1821 uxore
1442 1781 1598 1822 marito
1641 1780 1755 1822 credi

171 1850 399 1892 mulierem
447 1855 536 1892 tam
585 1851 841 1892 formonsam
888 1852 1022 1892 amari
1067 1852 1257 1906 potuisse
1303 1850 1456 1905 pudice
1469 1863 1479 1900 ;
1537 1853 1647 1893 certe
1695 1852 1755 1893 sic

170 1922 317 1970 amari,
362 1935 414 1962 ne
456 1920 771 1971 sollicitaretur,
805 1923 970 1976 potuit3
1003 1935 1137 1976 neque
1169 1925 1246 1972 est,
1282 1921 1392 1976 quod
1425 1921 1559 1963 dicat:
1593 1936 1677 1963 non
1708 1923 1754 1963 in

169 2005 263 2033 meo
310 1991 426 2033 istud
468 1992 641 2033 arbitrio
684 1993 873 2046 positum
916 1999 1018 2034 erat.
1062 1993 1210 2034 erratis
1252 2006 1340 2042 vos,
1383 1992 1556 2043 iudices,
1601 1994 1637 2034 si
1670 2007 1751 2035 non

169 2062 306 2103 maius
347 2061 399 2103 ad
440 2061 750 2103 sollicitandam
790 2065 1030 2104 matronam
1072 2063 1234 2117 putatis
1275 2063 1600 2105 inritamentum
1633 2077 1752 2119 spem

169 2132 465 2187 corrumpendi
496 2146 624 2188 quam
655 2132 807 2174 faciem
840 2134 1037 2188 quamvis
1066 2132 1306 2175 amabilem.
1341 2148 1492 2174 sensum
1519 2135 1556 2175 si
1583 2138 1752 2176 tantum

169 2204 213 2244 in
251 2203 467 2245 formonsa
499 2204 657 2258 sperari
688 2207 841 2259 posset,
876 2208 1084 2259 quantum
1115 2203 1277 2259 placere
1309 2208 1460 2259 potest,
1496 2218 1641 2246 omnes
1673 2205 1757 2247 for—

170 2287 340 2315 monsae
373 2275 418 2315 in
451 2287 493 2315 se
525 2275 744 2316 universos
776 2273 918 2316 oculos
950 2278 1257 2316 converterent.

231 2343 401 2386 Sincera
442 2343 567 2386 lectio
609 2344 693 2386 fuit
734 2344 931 2387 fortasse:
975 2345 1129 2386 seilicet
1171 2346 1207 2386 si
1252 2348 1421 2387 tantum
1463 2346 1507 2387 in
1539 2346 1755 2389 formonsa

167 2415 326 2470 sperari
367 2418 508 2470 posset
550 2429 584 2457 e.
605 2429 643 2471 q.
663 2429 695 2456 s.
743 2413 866 2458 Certe
904 2415 1013 2457 illud
1045 2430 1194 2456 sensum
1229 2415 1353 2457 facile
1384 2418 1499 2458 nasci
1532 2418 1672 2473 potuit
1704 2432 1755 2460 ex

168 2486 376 2540 scriptura
407 2500 459 2527 sc.
491 2486 540 2536 si,
575 2485 686 2541 quod
718 2487 791 2527 vix
823 2485 960 2527 differt
993 2500 1016 2528 a
1047 2477 1134 2526 seim
1165 2491 1233 2538 (=
1251 2491 1454 2539 sensum).

230 2554 358 2597 Haud
398 2557 482 2597 scio
524 2570 575 2598 an
616 2555 729 2598 idem
771 2555 1023 2598 adverbium
1066 2556 1354 2598 revocandum
1395 2559 1473 2600 sit:
1514 2557 1656 2601 Contr.
1689 2557 1752 2600 IX

171 2624 211 2676 4,
233 2625 287 2667 19
330 2624 481 2668 Graeci
523 2630 751 2682 coeperunt
792 2628 836 2668 in
869 2627 1034 2669 theatro
1065 2626 1298 2685 postulare,
1325 2631 1374 2669 ut
1405 2627 1587 2670 Sabinus
1620 2630 1755 2671 maxi-

169 2710 290 2738 mum
334 2698 636 2752 magistratum
668 2700 846 2752 gereret.
889 2710 982 2739 mos
1014 2701 1158 2739 autem
1191 2702 1254 2740 est
1286 2698 1458 2740 barbam
1492 2714 1538 2740 ac
1560 2698 1589 2751 ¹)
1624 2698 1751 2755 capil—

164 2766 258 2809 lum
298 2768 573 2822 magistratui
619 2766 886 2810 Cretensium
928 2770 1213 2810 summittere.
1259 2771 1442 2811 surrexit
1486 2769 1665 2811 Sabinus
1707 2773 1749 2811 et

212 2928 244 2969 1)
269 2927 474 2971 Quamquam
497 2928 616 2970 legitur
640 2931 671 2960 et
695 2929 725 2961 in
751 2929 789 2968 E,
813 2940 885 2962 cum
908 2930 1066 2963 Bursiano
1091 2932 1235 2974 praefero
1260 2943 1309 2964 ac.
