1975 3376
704 743 1200 804 PRAEFATIO.

220 1079 500 1122 Vehementer
541 1079 724 1121 laetatus
767 1093 860 1121 sum
906 1078 1018 1134 quod
1064 1078 1113 1120 de
1156 1078 1395 1119 Ammianez's
1427 1082 1464 1118 et
1495 1077 1736 1128 Annaeanis,

161 1165 266 1207 quae
307 1165 412 1192 anno
453 1154 549 1192 ante
581 1152 625 1191 in
657 1149 797 1192 lucem
832 1151 967 1199 emisi,
1001 1148 1241 1204 complures
1273 1147 1481 1204 philologi
1513 1148 1739 1204 prudentes

160 1226 286 1277 atque
318 1222 458 1277 periti,
481 1214 637 1276 quales
670 1225 769 1262 sunt
801 1220 991 1276 Woltjer,
1025 1218 1235 1261 Aemilius
1262 1218 1460 1269 Thomas,
1489 1218 1611 1260 Santi
1636 1217 1740 1261 Con-

159 1291 250 1341 soli,
284 1291 425 1347 Upson
458 1290 598 1341 Clark,
634 1293 735 1333 satis
767 1290 1021 1333 benevolum
1053 1290 1260 1332 iudicium
1292 1289 1498 1351 tulerunt.
1527 1288 1598 1330 Illi
1625 1290 1738 1331 enim

160 1365 243 1405 viri
275 1362 497 1405 clarissimi
530 1364 649 1404 vitiis
681 1362 842 1418 aliquot
872 1361 1068 1404 indicatis
1101 1365 1245 1403 tamen
1277 1375 1359 1402 non
1391 1374 1546 1415 paucas
1579 1362 1740 1402 coniec-

159 1438 276 1475 turas
317 1435 361 1475 in
403 1448 449 1475 eo
493 1433 693 1489 opusculo
735 1435 969 1489 propositas
1015 1446 1104 1474 esse
1144 1436 1278 1473 rectas
1320 1431 1539 1486 multaque
1583 1431 1667 1473 alia
1699 1436 1741 1473 et

158 1518 256 1547 vere
303 1508 345 1546 et
392 1503 557 1546 utiliter
604 1505 823 1546 observata
871 1517 958 1545 esse
1007 1502 1376 1545 confirmaverunt.
1427 1502 1572 1557 Itaque
1619 1501 1741 1544 facile

159 1576 449 1630 unusquisque
490 1574 681 1617 laudabit
717 1574 827 1630 quod
860 1576 1079 1615 Annaeana
1113 1577 1214 1615 tunc
1245 1573 1441 1614 incohata
1473 1572 1598 1614 modo
1631 1586 1740 1614 nunc

158 1645 319 1688 absolvi
342 1645 384 1698 1).
432 1645 488 1688 Ut
530 1647 665 1702 igitur
708 1647 847 1701 priora
892 1645 1029 1686 studia
1064 1648 1160 1700 apte
1193 1644 1259 1685 his
1292 1646 1414 1685 novis
1447 1645 1742 1699 exciperentur

160 1717 360 1771 praemisi
399 1730 504 1772 quae
541 1721 659 1758 erant
693 1716 866 1758 dicenda
900 1716 948 1757 de
980 1715 1159 1757 Senecae
1192 1714 1439 1770 Tragoediis
1471 1713 1741 1769 addendaque

162 1787 212 1829 de
244 1787 452 1843 Epistulis
485 1791 526 1829 et
558 1786 763 1843 Dialogis‚
798 1792 890 1828 tum
925 1787 1098 1828 demum
1128 1786 1343 1841 disputavi
1370 1785 1419 1827 de
1448 1785 1625 1827 Senecae
1651 1785 1740 1827 rhe-

163 1859 266 1899 toris
300 1856 606 1900 Controversiis
638 1861 680 1899 et
711 1852 936 1899 Suasoriis.
972 1856 1128 1898 Verum
1163 1858 1278 1898 utin
1305 1856 1383 1897 hoc
1410 1869 1574 1911 quoque
1596 1854 1741 1897 libello

157 1928 347 1970 historici
374 1932 669 1978 tractarentur,
700 1930 888 1984 primum
917 1927 1029 1984 elegi
1057 1927 1267 1970 Velleium
1296 1926 1570 1968 Paterculum
1597 1940 1741 1968 rerum

157 2001 404 2055 scriptorem
447 1999 560 2041 haud
603 1999 896 2049 iniucundum,
941 1999 1088 2041 deinde
1122 1999 1270 2040 transii
1302 1998 1353 2039 ad
1385 1997 1621 2039 Historiam
1655 1997 1742 2038 Au-

157 2075 344 2126 gustam,
388 2072 457 2112 cui
498 2071 585 2112 iam
628 2070 794 2125 pridem
836 2069 1024 2111 multum
1066 2082 1214 2125 operae
1258 2067 1469 2111 dederam.
1518 2067 1737 2110 Postremo

157 2155 254 2182 cum
283 2156 364 2183 non
392 2142 632 2197 ignorarem
660 2155 814 2183 novam
841 2141 1069 2182 editionem
1097 2140 1462 2196 Panegyricorum
1489 2138 1739 2180 Latinorum

158 2212 276 2254 brevi
307 2211 572 2267 prodituram
603 2226 690 2253 esse
723 2213 895 2253 inventa
927 2225 1019 2253 mea
1051 2211 1102 2253 ad
1129 2210 1222 2252 illas
1250 2211 1457 2252 orationes
1484 2209 1740 2265 pertinentia

161 2296 265 2337 quae
299 2282 472 2325 forsitan
504 2282 747 2338 prodessent
779 2284 910 2325 statui
942 2281 1178 2338 divulgare.

249 2413 519 2509 Hagfffflms
1084 2482 1089 2487 .
1168 2456 1214 2500 o.
1248 2455 1533 2499 BRAKMAN
1573 2455 1650 2497 J.F.

283 2533 391 2553 mense
415 2522 504 2554 Maio

266 2577 342 2609 anni
376 2577 516 2610 MCMX.

198 2980 227 3019 1)
254 2979 302 3009 Do
330 2978 480 3010 Senecae
504 2977 580 3009 Nat.
606 2976 738 3019 Qunest.
765 2976 813 3018 egi
839 2977 871 3008 in
896 2976 1005 3007 Herm.
1031 2975 1102 3007 Vol.
1129 2973 1212 3005 XLV
1237 2984 1310 3016 pag.
1336 2973 1477 3007 37-42.
